@incollection {MR3855846,
    AUTHOR = {Abramsky, Samson and Shah, Nihil},
     TITLE = {Relating structure and power: comonadic semantics for
              computational resources},
 BOOKTITLE = {Computer science logic 2018},
    SERIES = {LIPIcs. Leibniz Int. Proc. Inform.},
    VOLUME = {119},
     PAGES = {Art. No. 2, 17},
 PUBLISHER = {Schloss Dagstuhl. Leibniz-Zent. Inform., Wadern},
      YEAR = {2018},
   MRCLASS = {68Q55 (03C13 18C50)},
  MRNUMBER = {3855846},
}
		
@article {MR3812346,
    AUTHOR = {V\'{a}k\'{a}r, Matthijs and Jagadeesan, Radha and Abramsky, Samson},
     TITLE = {Game semantics for dependent types},
   JOURNAL = {Inform. and Comput.},
  FJOURNAL = {Information and Computation},
    VOLUME = {261},
      YEAR = {2018},
    NUMBER = {part 2},
     PAGES = {401--431},
      ISSN = {0890-5401},
   MRCLASS = {68Q55 (03B15 18B99)},
  MRNUMBER = {3812346},
       DOI = {10.1016/j.ic.2018.02.015},
       URL = {https://doi-org.colorado.idm.oclc.org/10.1016/j.ic.2018.02.015},
}
		
@incollection {MR3779279,
    AUTHOR = {Abramsky, Samson and Soares Barbosa, Rui and Car\`u, Giovanni
              and de Silva, Nadish and Kishida, Kohei and Mansfield, Shane},
     TITLE = {Minimum quantum resources for strong non-locality},
 BOOKTITLE = {12th {C}onference on the {T}heory of {Q}uantum {C}omputation,
              {C}ommunication, and {C}ryptography},
    SERIES = {LIPIcs. Leibniz Int. Proc. Inform.},
    VOLUME = {73},
     PAGES = {Art. No. 9, 20},
 PUBLISHER = {Schloss Dagstuhl. Leibniz-Zent. Inform., Wadern},
      YEAR = {2018},
   MRCLASS = {81P15 (81P16)},
  MRNUMBER = {3779279},
}
		
@incollection {MR3776955,
    AUTHOR = {Abramsky, Samson and Dawar, Anuj and Wang, Pengming},
     TITLE = {The pebbling comonad in finite model theory},
 BOOKTITLE = {2017 32nd {A}nnual {ACM}/{IEEE} {S}ymposium on {L}ogic in
              {C}omputer {S}cience ({LICS})},
     PAGES = {12},
 PUBLISHER = {IEEE, [Piscataway], NJ},
      YEAR = {2017},
   MRCLASS = {03C13 (18C50 68Q55)},
  MRNUMBER = {3776955},
}
		
@incollection {MR3755328,
    AUTHOR = {Abramsky, Samson and Barbosa, Rui Soares and de Silva, Nadish
              and Zapata, Octavio},
     TITLE = {The quantum monad on relational structures},
 BOOKTITLE = {42nd {I}nternational {S}ymposium on {M}athematical
              {F}oundations of {C}omputer {S}cience},
    SERIES = {LIPIcs. Leibniz Int. Proc. Inform.},
    VOLUME = {83},
     PAGES = {Art. No. 35, 19},
 PUBLISHER = {Schloss Dagstuhl. Leibniz-Zent. Inform., Wadern},
      YEAR = {2017},
   MRCLASS = {68Q12 (08A70 68Q55)},
  MRNUMBER = {3755328},
}
		
@article {MR3734888,
    AUTHOR = {Abramsky, Samson and Barbosa, Rui Soares and Car\`u, Giovanni
              and Perdrix, Simon},
     TITLE = {A complete characterization of all-versus-nothing arguments
              for stabilizer states},
   JOURNAL = {Philos. Trans. Roy. Soc. A},
  FJOURNAL = {Philosophical Transactions of the Royal Society A.
              Mathematical, Physical and Engineering Sciences},
    VOLUME = {375},
      YEAR = {2017},
    NUMBER = {2106},
     PAGES = {20160385, 18},
      ISSN = {1364-503X},
   MRCLASS = {81P13 (81P45 81P68)},
  MRNUMBER = {3734888},
MRREVIEWER = {Claudio Garola},
       DOI = {10.1098/rsta.2016.0385},
       URL = {https://doi-org.colorado.idm.oclc.org/10.1098/rsta.2016.0385},
}
		
@article {MR3641622,
    AUTHOR = {Abramsky, Samson and Winschel, Viktor},
     TITLE = {Coalgebraic analysis of subgame-perfect equilibria in infinite
              games without discounting},
   JOURNAL = {Math. Structures Comput. Sci.},
  FJOURNAL = {Mathematical Structures in Computer Science. A Journal in the
              Applications of Categorical, Algebraic and Geometric Methods
              in Computer Science},
    VOLUME = {27},
      YEAR = {2017},
    NUMBER = {5},
     PAGES = {751--761},
      ISSN = {0960-1295},
   MRCLASS = {68Q55 (03G30 91A18)},
  MRNUMBER = {3641622},
       DOI = {10.1017/S0960129515000365},
       URL = {https://doi-org.colorado.idm.oclc.org/10.1017/S0960129515000365},
}
		
@incollection {MR3629698,
    AUTHOR = {Bruza, P. D. and Abramsky, S.},
     TITLE = {Probabilistic programs: contextuality and relational database
              theory},
 BOOKTITLE = {Quantum interaction},
    SERIES = {Lecture Notes in Comput. Sci.},
    VOLUME = {10106},
     PAGES = {163--174},
 PUBLISHER = {Springer, Cham},
      YEAR = {2017},
   MRCLASS = {81V19},
  MRNUMBER = {3629698},
}
		
@article {MR3552129,
    AUTHOR = {Abramsky, Samson and Barbosa, Rui Soares and Kishida, Kohei
              and Lal, Raymond and Mansfield, Shane},
     TITLE = {Possibilities determine the combinatorial structure of
              probability polytopes},
   JOURNAL = {J. Math. Psych.},
  FJOURNAL = {Journal of Mathematical Psychology},
    VOLUME = {74},
      YEAR = {2016},
     PAGES = {58--65},
      ISSN = {0022-2496},
   MRCLASS = {91E45 (52B55 62A99)},
  MRNUMBER = {3552129},
       DOI = {10.1016/j.jmp.2016.03.006},
       URL = {https://doi-org.colorado.idm.oclc.org/10.1016/j.jmp.2016.03.006},
}
		
@article {MR3544607,
    AUTHOR = {Abramsky, Samson and Constantin, Carmen M. and Ying,
              Shenggang},
     TITLE = {Hardy is (almost) everywhere: nonlocality without inequalities
              for almost all entangled multipartite states},
   JOURNAL = {Inform. and Comput.},
  FJOURNAL = {Information and Computation},
    VOLUME = {250},
      YEAR = {2016},
     PAGES = {3--14},
      ISSN = {0890-5401},
   MRCLASS = {81P40 (68Q12)},
  MRNUMBER = {3544607},
       DOI = {10.1016/j.ic.2015.09.003},
       URL = {https://doi-org.colorado.idm.oclc.org/10.1016/j.ic.2015.09.003},
}
		
@incollection {MR3525878,
    AUTHOR = {Abramsky, Samson and Kontinen, Juha and V\"{a}\"{a}n\"{a}nen, Jouko and
              Vollmer, Heribert},
     TITLE = {Introduction},
 BOOKTITLE = {Dependence logic},
     PAGES = {1--3},
 PUBLISHER = {Birkh\"{a}user/Springer, [Cham]},
      YEAR = {2016},
   MRCLASS = {03-06 (68-06)},
  MRNUMBER = {3525878},
}
		
@incollection {MR3524267,
    AUTHOR = {Abramsky, Samson and Heunen, Chris},
     TITLE = {Operational theories and categorical quantum mechanics},
 BOOKTITLE = {Logic and algebraic structures in quantum computing},
    SERIES = {Lect. Notes Log.},
    VOLUME = {45},
     PAGES = {88--122},
 PUBLISHER = {Assoc. Symbol. Logic, La Jolla, CA},
      YEAR = {2016},
   MRCLASS = {81P68 (18C99)},
  MRNUMBER = {3524267},
}
		
@inproceedings {MR3594178,
    AUTHOR = {Abramsky, Samson and Horsman, Dominic},
     TITLE = {D{EMONIC} programming: a computational language for
              single-particle equilibrium thermodynamics, and its formal
              semantics},
 BOOKTITLE = {Proceedings of the 12th {I}nternational {W}orkshop on
              {Q}uantum {P}hysics and {L}ogic},
    SERIES = {Electron. Proc. Theor. Comput. Sci. (EPTCS)},
    VOLUME = {195},
     PAGES = {1--16},
 PUBLISHER = {EPTCS, [place of publication not identified]},
      YEAR = {2015},
   MRCLASS = {68N15 (68Q55 80A10 81P13)},
  MRNUMBER = {3594178},
       DOI = {10.4204/EPTCS.195.1},
       URL = {https://doi-org.colorado.idm.oclc.org/10.4204/EPTCS.195.1},
}
		
@incollection {MR3441764,
    AUTHOR = {Abramsky, Samson and Barbosa, Rui Soares and Kishida, Kohei
              and Lal, Raymond and Mansfield, Shane},
     TITLE = {Contextuality, cohomology and paradox},
 BOOKTITLE = {24th {EACSL} {A}nnual {C}onference on {C}omputer {S}cience
              {L}ogic},
    SERIES = {LIPIcs. Leibniz Int. Proc. Inform.},
    VOLUME = {41},
     PAGES = {211--228},
 PUBLISHER = {Schloss Dagstuhl. Leibniz-Zent. Inform., Wadern},
      YEAR = {2015},
   MRCLASS = {81P45 (03A05 81P68)},
  MRNUMBER = {3441764},
MRREVIEWER = {V. Ya. Kreinovich},
}
		
@incollection {MR3382517,
    AUTHOR = {Abramsky, Samson and Jagadeesan, Radha and V\'{a}k\'{a}r, Matthijs},
     TITLE = {Games for dependent types},
 BOOKTITLE = {Automata, languages, and programming. {P}art {II}},
    SERIES = {Lecture Notes in Comput. Sci.},
    VOLUME = {9135},
     PAGES = {31--43},
 PUBLISHER = {Springer, Heidelberg},
      YEAR = {2015},
   MRCLASS = {68N18 (68Q55 91A44)},
  MRNUMBER = {3382517},
       DOI = {10.1007/978-3-662-47666-6_3},
       URL = {https://doi-org.colorado.idm.oclc.org/10.1007/978-3-662-47666-6_3},
}
		
@article {MR3319415,
    AUTHOR = {Abramsky, Samson and Zvesper, Jonathan},
     TITLE = {From {L}awvere to {B}randenburger-{K}eisler: interactive forms
              of diagonalization and self-reference},
   JOURNAL = {J. Comput. System Sci.},
  FJOURNAL = {Journal of Computer and System Sciences},
    VOLUME = {81},
      YEAR = {2015},
    NUMBER = {5},
     PAGES = {799--812},
      ISSN = {0022-0000},
   MRCLASS = {03B42 (03B70 91A05 91A99)},
  MRNUMBER = {3319415},
MRREVIEWER = {Andrew Schumann},
       DOI = {10.1016/j.jcss.2014.12.001},
       URL = {https://doi-org.colorado.idm.oclc.org/10.1016/j.jcss.2014.12.001},
}
		
@inproceedings {MR3594142,
    AUTHOR = {Abramsky, Samson and Constantin, Carmen},
     TITLE = {A classification of multipartite states by degree of
              non-locality},
 BOOKTITLE = {Proceedings of the 10th {I}nternational {W}orkshop on
              {Q}uantum {P}hysics and {L}ogic},
    SERIES = {Electron. Proc. Theor. Comput. Sci. (EPTCS)},
    VOLUME = {171},
     PAGES = {10--25},
 PUBLISHER = {EPTCS, [place of publication not identified]},
      YEAR = {2014},
   MRCLASS = {81P16},
  MRNUMBER = {3594142},
       DOI = {10.4204/EPTCS.171.2},
       URL = {https://doi-org.colorado.idm.oclc.org/10.4204/EPTCS.171.2},
}
		
@inproceedings {MR3594141,
    AUTHOR = {Abramsky, Samson and Brandenburger, Adam and Savochkin,
              Andrei},
     TITLE = {No-signalling is equivalent to free choice of measurements},
 BOOKTITLE = {Proceedings of the 10th {I}nternational {W}orkshop on
              {Q}uantum {P}hysics and {L}ogic},
    SERIES = {Electron. Proc. Theor. Comput. Sci. (EPTCS)},
    VOLUME = {171},
     PAGES = {1--9},
 PUBLISHER = {EPTCS, [place of publication not identified]},
      YEAR = {2014},
   MRCLASS = {81P15 (81P10)},
  MRNUMBER = {3594141},
       DOI = {10.4204/EPTCS.171.1},
       URL = {https://doi-org.colorado.idm.oclc.org/10.4204/EPTCS.171.1},
}
		
@incollection {MR3329288,
    AUTHOR = {Abramsky, Samson},
     TITLE = {Intensionality, definability and computation},
 BOOKTITLE = {Johan van {B}enthem on logic and information dynamics},
    SERIES = {Outst. Contrib. Log.},
    VOLUME = {5},
     PAGES = {121--142},
 PUBLISHER = {Springer, Cham},
      YEAR = {2014},
   MRCLASS = {68Q55},
  MRNUMBER = {3329288},
       DOI = {10.1007/978-3-319-06025-5_5},
       URL = {https://doi-org.colorado.idm.oclc.org/10.1007/978-3-319-06025-5_5},
}
		
@article {MR3241689,
    AUTHOR = {Abramsky, Samson},
     TITLE = {Contextual semantics: from quantum mechanics to logic,
              databases, constraints, and complexity},
   JOURNAL = {Bull. Eur. Assoc. Theor. Comput. Sci. EATCS},
  FJOURNAL = {Bulletin of the European Association for Theoretical Computer
              Science. EATCS},
    NUMBER = {113},
      YEAR = {2014},
     PAGES = {138--163},
      ISSN = {0252-9742},
   MRCLASS = {81P10 (68Q12 81P45 81P68)},
  MRNUMBER = {3241689},
}
		
@article {MR3233440,
    AUTHOR = {Abramsky, Samson},
     TITLE = {Events in context},
   JOURNAL = {Theoret. Comput. Sci.},
  FJOURNAL = {Theoretical Computer Science},
    VOLUME = {546},
      YEAR = {2014},
     PAGES = {7--9},
      ISSN = {0304-3975},
   MRCLASS = {01A70},
  MRNUMBER = {3233440},
       DOI = {10.1016/j.tcs.2014.02.040},
       URL = {https://doi-org.colorado.idm.oclc.org/10.1016/j.tcs.2014.02.040},
}
		
@incollection {MR3193335,
    AUTHOR = {Abramsky, Samson and Sadrzadeh, Mehrnoosh},
     TITLE = {Semantic unification: a sheaf theoretic approach to natural
              language},
 BOOKTITLE = {Categories and types in logic, language, and physics},
    SERIES = {Lecture Notes in Comput. Sci.},
    VOLUME = {8222},
     PAGES = {1--13},
 PUBLISHER = {Springer, Heidelberg},
      YEAR = {2014},
   MRCLASS = {68Q65 (18F20)},
  MRNUMBER = {3193335},
       DOI = {10.1007/978-3-642-54789-8_1},
       URL = {https://doi-org.colorado.idm.oclc.org/10.1007/978-3-642-54789-8_1},
}
		
@incollection {MR3124039,
    AUTHOR = {Abramsky, Samson},
     TITLE = {Relational databases and {B}ell's theorem},
 BOOKTITLE = {In search of elegance in the theory and practice of
              computation},
    SERIES = {Lecture Notes in Comput. Sci.},
    VOLUME = {8000},
     PAGES = {13--35},
 PUBLISHER = {Springer, Heidelberg},
      YEAR = {2013},
   MRCLASS = {68P15 (81P15)},
  MRNUMBER = {3124039},
       DOI = {10.1007/978-3-642-41660-6_2},
       URL = {https://doi-org.colorado.idm.oclc.org/10.1007/978-3-642-41660-6_2},
}
		
@article {MR3079981,
    AUTHOR = {Abramsky, Samson and Ghica, Dan R.},
     TITLE = {Foreword [{S}pecial issue on {S}eventh {W}orkshop on {G}ames
              for {L}ogic and {P}rogramming {L}anguages ({G}a{L}o{P}
              {VII})]},
      NOTE = {Held in Dubrovnik, June 29, 2012},
   JOURNAL = {Ann. Pure Appl. Logic},
  FJOURNAL = {Annals of Pure and Applied Logic},
    VOLUME = {164},
      YEAR = {2013},
    NUMBER = {11},
     PAGES = {1037},
      ISSN = {0168-0072},
   MRCLASS = {03-06 (03B70)},
  MRNUMBER = {3079981},
       DOI = {10.1016/j.apal.2013.05.004},
       URL = {https://doi-org.colorado.idm.oclc.org/10.1016/j.apal.2013.05.004},
}
		
@article {MR3056320,
    AUTHOR = {Abramsky, Samson},
     TITLE = {Coalgebras, {C}hu spaces, and representations of physical
              systems},
   JOURNAL = {J. Philos. Logic},
  FJOURNAL = {Journal of Philosophical Logic},
    VOLUME = {42},
      YEAR = {2013},
    NUMBER = {3},
     PAGES = {551--574},
      ISSN = {0022-3611},
   MRCLASS = {81P15 (16T15 81P10)},
  MRNUMBER = {3056320},
MRREVIEWER = {Roman Romanovich Zapatrin},
       DOI = {10.1007/s10992-013-9276-4},
       URL = {https://doi-org.colorado.idm.oclc.org/10.1007/s10992-013-9276-4},
}
		
@article {MR3038040,
    AUTHOR = {Abramsky, Samson},
     TITLE = {Relational hidden variables and non-locality},
   JOURNAL = {Studia Logica},
  FJOURNAL = {Studia Logica. An International Journal for Symbolic Logic},
    VOLUME = {101},
      YEAR = {2013},
    NUMBER = {2},
     PAGES = {411--452},
      ISSN = {0039-3215},
   MRCLASS = {81P15 (03B30)},
  MRNUMBER = {3038040},
MRREVIEWER = {Pierre Kerszberg},
       DOI = {10.1007/s11225-013-9477-4},
       URL = {https://doi-org.colorado.idm.oclc.org/10.1007/s11225-013-9477-4},
}
		
@incollection {MR3074588,
    AUTHOR = {Abramsky, Samson},
     TITLE = {Logic and geometry of agents in agent-based modeling},
 BOOKTITLE = {Computational complexity. {V}ols. 1--6},
     PAGES = {1767--1780},
 PUBLISHER = {Springer, New York},
      YEAR = {2012},
   MRCLASS = {Expansion},
  MRNUMBER = {3074588},
       DOI = {10.1007/978-1-4614-1800-9_113},
       URL = {https://doi-org.colorado.idm.oclc.org/10.1007/978-1-4614-1800-9_113},
}
		
@incollection {MR3023123,
    AUTHOR = {Stepney, Susan and Abramsky, Samson and Bechmann, Matthias and
              Gorecki, Jerzy and Kendon, Viv and Naughton, Thomas J. and
              Perez-Jimenez, Mario J. and Romero-Campero, Francisco J. and
              Sebald, Angelika},
     TITLE = {Heterotic computing examples with optics, bacteria, and
              chemicals},
 BOOKTITLE = {Unconventional computation and natural computation},
    SERIES = {Lecture Notes in Comput. Sci.},
    VOLUME = {7445},
     PAGES = {198--209},
 PUBLISHER = {Springer, Heidelberg},
      YEAR = {2012},
   MRCLASS = {68Q05},
  MRNUMBER = {3023123},
       DOI = {10.1007/978-3-642-32894-7_19},
       URL = {https://doi-org.colorado.idm.oclc.org/10.1007/978-3-642-32894-7_19},
}
		
@incollection {MR3003197,
    AUTHOR = {Abramsky, Samson and Zvesper, Jonathan},
     TITLE = {From {L}awvere to {B}randenburger-{K}eisler: interactive forms
              of diagonalization and self-reference},
 BOOKTITLE = {Coalgebraic methods in computer science},
    SERIES = {Lecture Notes in Comput. Sci.},
    VOLUME = {7399},
     PAGES = {1--19},
 PUBLISHER = {Springer, Heidelberg},
      YEAR = {2012},
   MRCLASS = {03B42 (03A05 91A44)},
  MRNUMBER = {3003197},
       DOI = {10.1007/978-3-642-32784-1_1},
       URL = {https://doi-org.colorado.idm.oclc.org/10.1007/978-3-642-32784-1_1},
}
		
@incollection {MR2963140,
    AUTHOR = {Abramsky, Samson and Heunen, Chris},
     TITLE = {H*-algebras and nonunital {F}robenius algebras: first steps in
              infinite-dimensional categorical quantum mechanics},
 BOOKTITLE = {Mathematical foundations of information flow},
    SERIES = {Proc. Sympos. Appl. Math.},
    VOLUME = {71},
     PAGES = {1--24},
 PUBLISHER = {Amer. Math. Soc., Providence, RI},
      YEAR = {2012},
   MRCLASS = {81P10 (18D10 46K15)},
  MRNUMBER = {2963140},
MRREVIEWER = {Roman Romanovich Zapatrin},
       DOI = {10.1090/psapm/071/599},
       URL = {https://doi-org.colorado.idm.oclc.org/10.1090/psapm/071/599},
}
		
@article {MR2945399,
    AUTHOR = {Abramsky, Samson},
     TITLE = {Big toy models: representing physical systems as {C}hu spaces},
   JOURNAL = {Synthese},
  FJOURNAL = {Synthese. An International Journal for Epistemology,
              Methodology and Philosophy of Science},
    VOLUME = {186},
      YEAR = {2012},
    NUMBER = {3},
     PAGES = {697--718},
      ISSN = {0039-7857},
   MRCLASS = {81P10 (03G30 81P16)},
  MRNUMBER = {2945399},
MRREVIEWER = {Tobias W. Fritz},
       DOI = {10.1007/s11229-011-9912-x},
       URL = {https://doi-org.colorado.idm.oclc.org/10.1007/s11229-011-9912-x},
}
		
@article {MR2943205,
    AUTHOR = {Cooper, S. Barry and Abramsky, Samson},
     TITLE = {The foundations of computation, physics and mentality: the
              {T}uring legacy [{P}reface]},
   JOURNAL = {Philos. Trans. R. Soc. Lond. Ser. A Math. Phys. Eng. Sci.},
  FJOURNAL = {Philosophical Transactions of the Royal Society of London.
              Series A. Mathematical, Physical and Engineering Sciences},
    VOLUME = {370},
      YEAR = {2012},
    NUMBER = {1971},
     PAGES = {3273--3276},
      ISSN = {1364-503X},
   MRCLASS = {03-06 (68-06)},
  MRNUMBER = {2943205},
       DOI = {10.1098/rsta.2012.0221},
       URL = {https://doi-org.colorado.idm.oclc.org/10.1098/rsta.2012.0221},
}
		
@article {MR2914152,
    AUTHOR = {Abramsky, Samson and Mislove, Michael and Palamidessi,
              Catuscia},
     TITLE = {Preface [{M}athematical {F}oundations of {P}rogramming
              {S}emantics ({MFPS} {XXV})]},
      NOTE = {Held at the University of Oxford, Oxford, April 3--7, 2009},
   JOURNAL = {Theoret. Comput. Sci.},
  FJOURNAL = {Theoretical Computer Science},
    VOLUME = {430},
      YEAR = {2012},
     PAGES = {1--2},
      ISSN = {0304-3975},
   MRCLASS = {68-06 (68Q55)},
  MRNUMBER = {2914152},
       DOI = {10.1016/j.tcs.2012.03.022},
       URL = {https://doi-org.colorado.idm.oclc.org/10.1016/j.tcs.2012.03.022},
}
		
@incollection {MR2767045,
    AUTHOR = {Abramsky, S. and Tzevelekos, N.},
     TITLE = {Introduction to categories and categorical logic},
 BOOKTITLE = {New structures for physics},
    SERIES = {Lecture Notes in Phys.},
    VOLUME = {813},
     PAGES = {3--94},
 PUBLISHER = {Springer, Heidelberg},
      YEAR = {2011},
   MRCLASS = {18-02 (03G30)},
  MRNUMBER = {2767045},
MRREVIEWER = {Robert A. G. Seely},
       DOI = {10.1007/978-3-642-12821-9_1},
       URL = {https://doi-org.colorado.idm.oclc.org/10.1007/978-3-642-12821-9_1},
}
		
@incollection {MR2963114,
    AUTHOR = {Abramsky, Samson},
     TITLE = {Coalgebras, {C}hu spaces, and representations of physical
              systems},
 BOOKTITLE = {25th {A}nnual {IEEE} {S}ymposium on {L}ogic in {C}omputer
              {S}cience {LICS} 2010},
     PAGES = {411--420},
 PUBLISHER = {IEEE Computer Soc., Los Alamitos, CA},
      YEAR = {2010},
   MRCLASS = {68Q65 (18B99)},
  MRNUMBER = {2963114},
}
		
@inproceedings {MR2909644,
    AUTHOR = {Abramsky, Samson},
     TITLE = {Robin {M}ilner's work on concurrency},
 BOOKTITLE = {Proceedings of the 26th {C}onference on the {M}athematical
              {F}oundations of {P}rogramming {S}emantics ({MFPS} 2010)},
    SERIES = {Electron. Notes Theor. Comput. Sci.},
    VOLUME = {265},
     PAGES = {5--10},
 PUBLISHER = {Elsevier Sci. B. V., Amsterdam},
      YEAR = {2010},
   MRCLASS = {Expansion},
  MRNUMBER = {2909644},
       DOI = {10.1016/j.entcs.2010.08.002},
       URL = {https://doi-org.colorado.idm.oclc.org/10.1016/j.entcs.2010.08.002},
}
		
@incollection {MR2641225,
    AUTHOR = {Abramsky, Samson},
     TITLE = {No-cloning in categorical quantum mechanics},
 BOOKTITLE = {Semantic techniques in quantum computation},
     PAGES = {1--28},
 PUBLISHER = {Cambridge Univ. Press, Cambridge},
      YEAR = {2010},
   MRCLASS = {81P45 (18B99)},
  MRNUMBER = {2641225},
MRREVIEWER = {Chris Heunen},
}
		
@incollection {MR2724650,
    AUTHOR = {Abramsky, Samson and Coecke, Bob},
     TITLE = {Categorical quantum mechanics},
 BOOKTITLE = {Handbook of quantum logic and quantum structures---quantum
              logic},
     PAGES = {261--323},
 PUBLISHER = {Elsevier/North-Holland, Amsterdam},
      YEAR = {2009},
   MRCLASS = {81P10 (18B99 18D10 81P45)},
  MRNUMBER = {2724650},
MRREVIEWER = {Benno van den Berg},
       DOI = {10.1016/B978-0-444-52869-8.50010-4},
       URL = {https://doi-org.colorado.idm.oclc.org/10.1016/B978-0-444-52869-8.50010-4},
}
		
@article {MR2480819,
    AUTHOR = {Abramsky, Samson and V\"{a}\"{a}n\"{a}nen, Jouko},
     TITLE = {From {IF} to {BI}: a tale of dependence and separation},
   JOURNAL = {Synthese},
  FJOURNAL = {Synthese. An International Journal for Epistemology,
              Methodology and Philosophy of Science},
    VOLUME = {167},
      YEAR = {2009},
    NUMBER = {2, Knowledge, Rationality \& Action},
     PAGES = {207--230},
      ISSN = {0039-7857},
   MRCLASS = {03B60 (03B47 03C80 03G25)},
  MRNUMBER = {2480819},
MRREVIEWER = {Micha\l  Krynicki},
       DOI = {10.1007/s11229-008-9415-6},
       URL = {https://doi-org.colorado.idm.oclc.org/10.1007/s11229-008-9415-6},
}
		
@incollection {MR2422231,
    AUTHOR = {Abramsky, Samson},
     TITLE = {Temperley-{L}ieb algebra: from knot theory to logic and
              computation via quantum mechanics},
 BOOKTITLE = {Mathematics of quantum computation and quantum technology},
    SERIES = {Chapman \& Hall/CRC Appl. Math. Nonlinear Sci. Ser.},
     PAGES = {515--558},
 PUBLISHER = {Chapman \& Hall/CRC, Boca Raton, FL},
      YEAR = {2008},
   MRCLASS = {81P68 (57M27 81R50)},
  MRNUMBER = {2422231},
MRREVIEWER = {Jerzy Kr\'{o}l},
}
		
@incollection {MR2508172,
    AUTHOR = {Abramsky, Samson},
     TITLE = {A compositional game semantics for multi-agent logics of
              partial information},
 BOOKTITLE = {Interactive logic},
    SERIES = {Texts Log. Games},
    VOLUME = {1},
     PAGES = {11--47},
 PUBLISHER = {Amsterdam Univ. Press, Amsterdam},
      YEAR = {2007},
   MRCLASS = {03B60 (91A44)},
  MRNUMBER = {2508172},
}
		
@incollection {MR2382180,
    AUTHOR = {Abramsky, Samson},
     TITLE = {Petri nets, discrete physics, and distributed quantum
              computation},
 BOOKTITLE = {Petri nets and other models of concurrency---{ICATPN} 2007},
    SERIES = {Lecture Notes in Comput. Sci.},
    VOLUME = {4546},
     PAGES = {1--2},
 PUBLISHER = {Springer, Berlin},
      YEAR = {2007},
   MRCLASS = {Expansion},
  MRNUMBER = {2382180},
       DOI = {10.1007/978-3-540-73094-1_1},
       URL = {https://doi-org.colorado.idm.oclc.org/10.1007/978-3-540-73094-1_1},
}
		
@incollection {MR2328286,
    AUTHOR = {Abramsky, Samson},
     TITLE = {Event domains, stable functions and proof-nets},
 BOOKTITLE = {Computation, meaning, and logic: articles dedicated to
              {G}ordon {P}lotkin},
    SERIES = {Electron. Notes Theor. Comput. Sci.},
    VOLUME = {172},
     PAGES = {33--67},
 PUBLISHER = {Elsevier Sci. B. V., Amsterdam},
      YEAR = {2007},
   MRCLASS = {03F52 (68Q55)},
  MRNUMBER = {2328286},
       DOI = {10.1016/j.entcs.2007.02.003},
       URL = {https://doi-org.colorado.idm.oclc.org/10.1016/j.entcs.2007.02.003},
}
		
@article {MR2243282,
    AUTHOR = {Abramsky, Samson and Duncan, Ross},
     TITLE = {A categorical quantum logic},
   JOURNAL = {Math. Structures Comput. Sci.},
  FJOURNAL = {Mathematical Structures in Computer Science. A Journal in the
              Applications of Categorical, Algebraic and Geometric Methods
              in Computer Science},
    VOLUME = {16},
      YEAR = {2006},
    NUMBER = {3},
     PAGES = {469--489},
      ISSN = {0960-1295},
   MRCLASS = {03G12 (18C50 81P10)},
  MRNUMBER = {2243282},
       DOI = {10.1017/S0960129506005275},
       URL = {https://doi-org.colorado.idm.oclc.org/10.1017/S0960129506005275},
}
		
@incollection {MR2204997,
    AUTHOR = {Abramsky, Samson},
     TITLE = {Abstract scalars, loops, and free traced and strongly compact
              closed categories},
 BOOKTITLE = {Algebra and coalgebra in computer science},
    SERIES = {Lecture Notes in Comput. Sci.},
    VOLUME = {3629},
     PAGES = {1--29},
 PUBLISHER = {Springer, Berlin},
      YEAR = {2005},
   MRCLASS = {81P10 (18D15 68Q05)},
  MRNUMBER = {2204997},
MRREVIEWER = {H.-J. Hoehnke},
       DOI = {10.1007/11548133_1},
       URL = {https://doi-org.colorado.idm.oclc.org/10.1007/11548133_1},
}
		
@article {MR2187914,
    AUTHOR = {Abramsky, Samson},
     TITLE = {A structural approach to reversible computation},
   JOURNAL = {Theoret. Comput. Sci.},
  FJOURNAL = {Theoretical Computer Science},
    VOLUME = {347},
      YEAR = {2005},
    NUMBER = {3},
     PAGES = {441--464},
      ISSN = {0304-3975},
   MRCLASS = {68Q05 (03F52 68Q42)},
  MRNUMBER = {2187914},
MRREVIEWER = {Aldo Ursini},
       DOI = {10.1016/j.tcs.2005.07.002},
       URL = {https://doi-org.colorado.idm.oclc.org/10.1016/j.tcs.2005.07.002},
}
		
@article {MR2168841,
    AUTHOR = {Abramsky, Samson and Mavronicolas, Marios},
     TITLE = {Preface. {G}ame theory meets theoretical computer science},
   JOURNAL = {Theoret. Comput. Sci.},
  FJOURNAL = {Theoretical Computer Science},
    VOLUME = {343},
      YEAR = {2005},
    NUMBER = {1-2},
     PAGES = {1--3},
      ISSN = {0304-3975},
   MRCLASS = {91-06 (91A40 91A43)},
  MRNUMBER = {2168841},
       DOI = {10.1016/j.tcs.2005.05.004},
       URL = {https://doi-org.colorado.idm.oclc.org/10.1016/j.tcs.2005.05.004},
}
		
@article {MR2156192,
    AUTHOR = {Abramsky, Samson and Coecke, Bob},
     TITLE = {Abstract physical traces},
   JOURNAL = {Theory Appl. Categ.},
  FJOURNAL = {Theory and Applications of Categories},
    VOLUME = {14},
      YEAR = {2005},
     PAGES = {No. 6, 111--124},
      ISSN = {1201-561X},
   MRCLASS = {15A03 (18B10 18C50 18D10 81P05 81P15)},
  MRNUMBER = {2156192},
MRREVIEWER = {H.-J. Hoehnke},
}
		
@article {MR2139905,
    AUTHOR = {Abramsky, Samson and Lenisa, Marina},
     TITLE = {Linear realizability and full completeness for typed
              lambda-calculi},
   JOURNAL = {Ann. Pure Appl. Logic},
  FJOURNAL = {Annals of Pure and Applied Logic},
    VOLUME = {134},
      YEAR = {2005},
    NUMBER = {2-3},
     PAGES = {122--168},
      ISSN = {0168-0072},
   MRCLASS = {03B40 (03F52 03G30 68N18)},
  MRNUMBER = {2139905},
MRREVIEWER = {R. Gylys},
       DOI = {10.1016/j.apal.2004.08.003},
       URL = {https://doi-org.colorado.idm.oclc.org/10.1016/j.apal.2004.08.003},
}
		
@article {MR2126152,
    AUTHOR = {Abramsky, Samson and Jagadeesan, Radha},
     TITLE = {A game semantics for generic polymorphism},
   JOURNAL = {Ann. Pure Appl. Logic},
  FJOURNAL = {Annals of Pure and Applied Logic},
    VOLUME = {133},
      YEAR = {2005},
    NUMBER = {1-3},
     PAGES = {3--37},
      ISSN = {0168-0072},
   MRCLASS = {68N18 (03B40 68N15)},
  MRNUMBER = {2126152},
MRREVIEWER = {Fairouz D. Kamareddine},
       DOI = {10.1016/j.apal.2004.10.002},
       URL = {https://doi-org.colorado.idm.oclc.org/10.1016/j.apal.2004.10.002},
}
		
@incollection {MR2083673,
    AUTHOR = {Abramsky, Samson and Jagadeesan, Radha},
     TITLE = {A game semantics for generic polymorphism},
 BOOKTITLE = {Foundations of software science and computation structures},
    SERIES = {Lecture Notes in Comput. Sci.},
    VOLUME = {2620},
     PAGES = {1--22},
 PUBLISHER = {Springer, Berlin},
      YEAR = {2003},
   MRCLASS = {68N15 (68N19 68Q55 68Q65)},
  MRNUMBER = {2083673},
       DOI = {10.1007/3-540-36576-1_1},
       URL = {https://doi-org.colorado.idm.oclc.org/10.1007/3-540-36576-1_1},
}
		
@article {MR2017540,
    AUTHOR = {Abramsky, Samson},
     TITLE = {Sequentiality vs. concurrency in games and logic},
      NOTE = {The difference between concurrent and sequential computation
              (University Park, PA, 2000)},
   JOURNAL = {Math. Structures Comput. Sci.},
  FJOURNAL = {Mathematical Structures in Computer Science. A Journal in the
              Applications of Categorical, Algebraic and Geometric Methods
              in Computer Science},
    VOLUME = {13},
      YEAR = {2003},
    NUMBER = {4},
     PAGES = {531--565},
      ISSN = {0960-1295},
   MRCLASS = {03F52 (03B70 68Q85)},
  MRNUMBER = {2017540},
MRREVIEWER = {Aldo Ursini},
       DOI = {10.1017/S0960129503003980},
       URL = {https://doi-org.colorado.idm.oclc.org/10.1017/S0960129503003980},
}
		
@incollection {MR2004049,
    AUTHOR = {Abramsky, Samson},
     TITLE = {Algorithmic game semantics: a tutorial introduction},
 BOOKTITLE = {Proof and system-reliability ({M}arktoberdorf, 2001)},
    SERIES = {NATO Sci. Ser. II Math. Phys. Chem.},
    VOLUME = {62},
     PAGES = {21--47},
 PUBLISHER = {Kluwer Acad. Publ., Dordrecht},
      YEAR = {2002},
   MRCLASS = {68Q55 (68N15)},
  MRNUMBER = {2004049},
}
		
@article {MR1934422,
    AUTHOR = {Abramsky, Samson and Haghverdi, Esfandiar and Scott, Philip},
     TITLE = {Geometry of interaction and linear combinatory algebras},
   JOURNAL = {Math. Structures Comput. Sci.},
  FJOURNAL = {Mathematical Structures in Computer Science. A Journal in the
              Applications of Categorical, Algebraic and Geometric Methods
              in Computer Science},
    VOLUME = {12},
      YEAR = {2002},
    NUMBER = {5},
     PAGES = {625--664},
      ISSN = {0960-1295},
   MRCLASS = {68Q55 (03B47 18D10)},
  MRNUMBER = {1934422},
MRREVIEWER = {R. Gylys},
       DOI = {10.1017/S0960129502003730},
       URL = {https://doi-org.colorado.idm.oclc.org/10.1017/S0960129502003730},
}
		
@incollection {MR1908789,
    AUTHOR = {Abramsky, Samson and Lenisa, Marina},
     TITLE = {Fully complete minimal {PER} models for the simply typed
              {$\lambda$}-calculus},
 BOOKTITLE = {Computer science logic ({P}aris, 2001)},
    SERIES = {Lecture Notes in Comput. Sci.},
    VOLUME = {2142},
     PAGES = {443--457},
 PUBLISHER = {Springer, Berlin},
      YEAR = {2001},
   MRCLASS = {03B40 (68N18)},
  MRNUMBER = {1908789},
       DOI = {10.1007/3-540-44802-0_31},
       URL = {https://doi-org.colorado.idm.oclc.org/10.1007/3-540-44802-0_31},
}
		
@article {MR1816842,
    AUTHOR = {Thomsen, B. and Abramsky, S.},
     TITLE = {A fully abstract denotational semantics for the calculus of
              higher-order communicating systems},
   JOURNAL = {Theoret. Comput. Sci.},
  FJOURNAL = {Theoretical Computer Science},
    VOLUME = {254},
      YEAR = {2001},
    NUMBER = {1-2},
     PAGES = {557--589},
      ISSN = {0304-3975},
   MRCLASS = {68Q55 (68Q85)},
  MRNUMBER = {1816842},
MRREVIEWER = {Fabio Gadducci},
       DOI = {10.1016/S0304-3975(00)00281-4},
       URL = {https://doi-org.colorado.idm.oclc.org/10.1016/S0304-3975(00)00281-4},
}
		
@incollection {MR1859440,
    AUTHOR = {Abramsky, Samson and Lenisa, Marina},
     TITLE = {A fully complete {PER} model for {ML} polymorphic types},
 BOOKTITLE = {Computer science logic ({F}ischbachau, 2000)},
    SERIES = {Lecture Notes in Comput. Sci.},
    VOLUME = {1862},
     PAGES = {140--155},
 PUBLISHER = {Springer, Berlin},
      YEAR = {2000},
   MRCLASS = {68N18 (03F52)},
  MRNUMBER = {1859440},
       DOI = {10.1007/3-540-44622-2_9},
       URL = {https://doi-org.colorado.idm.oclc.org/10.1007/3-540-44622-2_9},
}
		
@incollection {MR1844738,
    AUTHOR = {Abramsky, Samson and Lenisa, Marina},
     TITLE = {Axiomatizing fully complete models for {ML} polymorphic types},
 BOOKTITLE = {Mathematical foundations of computer science 2000
              ({B}ratislava)},
    SERIES = {Lecture Notes in Comput. Sci.},
    VOLUME = {1893},
     PAGES = {141--151},
 PUBLISHER = {Springer, Berlin},
      YEAR = {2000},
   MRCLASS = {68N18 (68Q55)},
  MRNUMBER = {1844738},
       DOI = {10.1007/3-540-44612-5_10},
       URL = {https://doi-org.colorado.idm.oclc.org/10.1007/3-540-44612-5_10},
}
		
@article {MR1808887,
    AUTHOR = {Abramsky, Samson and Jagadeesan, Radha and Malacaria,
              Pasquale},
     TITLE = {Full abstraction for {PCF}},
   JOURNAL = {Inform. and Comput.},
  FJOURNAL = {Information and Computation},
    VOLUME = {163},
      YEAR = {2000},
    NUMBER = {2},
     PAGES = {409--470},
      ISSN = {0890-5401},
   MRCLASS = {68N18 (03B15 03D20 18C50 18D20 68Q05 91A40 91A80)},
  MRNUMBER = {1808887},
MRREVIEWER = {Roberto Giacobazzi},
       DOI = {10.1006/inco.2000.2930},
       URL = {https://doi-org.colorado.idm.oclc.org/10.1006/inco.2000.2930},
}
		
@incollection {MR1773451,
    AUTHOR = {Abramsky, Samson},
     TITLE = {Axioms for definability and full completeness},
 BOOKTITLE = {Proof, language, and interaction},
    SERIES = {Found. Comput. Ser.},
     PAGES = {55--75},
 PUBLISHER = {MIT Press, Cambridge, MA},
      YEAR = {2000},
   MRCLASS = {68Q55},
  MRNUMBER = {1773451},
}
		
@incollection {MR1946495,
    AUTHOR = {Abramsky, Samson and Melli\`es, Paul-Andr\'{e}},
     TITLE = {Concurrent games and full completeness},
 BOOKTITLE = {14th {S}ymposium on {L}ogic in {C}omputer {S}cience ({T}rento,
              1999)},
     PAGES = {431--442},
 PUBLISHER = {IEEE Computer Soc., Los Alamitos, CA},
      YEAR = {1999},
   MRCLASS = {03F52 (68Q55)},
  MRNUMBER = {1946495},
       DOI = {10.1109/LICS.1999.782638},
       URL = {https://doi-org.colorado.idm.oclc.org/10.1109/LICS.1999.782638},
}
		
@article {MR1731037,
    AUTHOR = {Abramsky, Samson and Blute, Richard and Panangaden, Prakash},
     TITLE = {Nuclear and trace ideals in tensored {$\ast$}-categories},
      NOTE = {Special volume on the occasion of the 60th birthday of
              Professor Michael Barr (Montreal, QC, 1997)},
   JOURNAL = {J. Pure Appl. Algebra},
  FJOURNAL = {Journal of Pure and Applied Algebra},
    VOLUME = {143},
      YEAR = {1999},
    NUMBER = {1-3},
     PAGES = {3--47},
      ISSN = {0022-4049},
   MRCLASS = {47L20 (18D10 46M15 47B10)},
  MRNUMBER = {1731037},
MRREVIEWER = {J. Wick Pelletier},
       DOI = {10.1016/S0022-4049(98)00106-6},
       URL = {https://doi-org.colorado.idm.oclc.org/10.1016/S0022-4049(98)00106-6},
}
		
@article {MR1716751,
    AUTHOR = {Abramsky, Samson and McCusker, Guy},
     TITLE = {Full abstraction for {I}dealized {A}lgol with passive
              expressions},
      NOTE = {Linear logic, I (Tokyo, 1996)},
   JOURNAL = {Theoret. Comput. Sci.},
  FJOURNAL = {Theoretical Computer Science},
    VOLUME = {227},
      YEAR = {1999},
    NUMBER = {1-2},
     PAGES = {3--42},
      ISSN = {0304-3975},
   MRCLASS = {68N15 (68Q55 91A40)},
  MRNUMBER = {1716751},
MRREVIEWER = {Roberto Giacobazzi},
       DOI = {10.1016/S0304-3975(99)00047-X},
       URL = {https://doi-org.colorado.idm.oclc.org/10.1016/S0304-3975(99)00047-X},
}
		
@incollection {MR1698127,
    AUTHOR = {Abramsky, Samson and McCusker, Guy},
     TITLE = {Game semantics},
 BOOKTITLE = {Computational logic ({M}arktoberdorf, 1997)},
    SERIES = {NATO Adv. Sci. Inst. Ser. F Comput. Systems Sci.},
    VOLUME = {165},
     PAGES = {1--55},
 PUBLISHER = {Springer, Berlin},
      YEAR = {1999},
   MRCLASS = {68N15 (03B70 03F52 03G30 68Q55)},
  MRNUMBER = {1698127},
MRREVIEWER = {B. H. Mayoh},
}
		
@article {MR1693818,
    AUTHOR = {Abramsky, S. and Gay, S. J. and Nagarajan, R.},
     TITLE = {A specification structure for deadlock-freedom of synchronous
              processes},
   JOURNAL = {Theoret. Comput. Sci.},
  FJOURNAL = {Theoretical Computer Science},
    VOLUME = {222},
      YEAR = {1999},
    NUMBER = {1-2},
     PAGES = {1--53},
      ISSN = {0304-3975},
   MRCLASS = {68Q60 (68Q10)},
  MRNUMBER = {1693818},
MRREVIEWER = {Gianfranco Mascari},
       DOI = {10.1016/S0304-3975(98)00189-3},
       URL = {https://doi-org.colorado.idm.oclc.org/10.1016/S0304-3975(98)00189-3},
}
		
@incollection {MR1727802,
    AUTHOR = {Abramsky, Samson and McCusker, Guy},
     TITLE = {Call-by-value games},
 BOOKTITLE = {Computer science logic ({A}arhus, 1997)},
    SERIES = {Lecture Notes in Comput. Sci.},
    VOLUME = {1414},
     PAGES = {1--17},
 PUBLISHER = {Springer, Berlin},
      YEAR = {1998},
   MRCLASS = {68N18 (68Q55)},
  MRNUMBER = {1727802},
       DOI = {10.1007/BFb0028004},
       URL = {https://doi-org.colorado.idm.oclc.org/10.1007/BFb0028004},
}
		
@incollection {MR1659633,
    AUTHOR = {Abramsky, Samson and Honda, Kohei and McCusker, Guy},
     TITLE = {A fully abstract game semantics for general references},
 BOOKTITLE = {Thirteenth {A}nnual {IEEE} {S}ymposium on {L}ogic in
              {C}omputer {S}cience ({I}ndianapolis, {IN}, 1998)},
     PAGES = {334--344},
 PUBLISHER = {IEEE Computer Soc., Los Alamitos, CA},
      YEAR = {1998},
   MRCLASS = {68N15},
  MRNUMBER = {1659633},
       DOI = {10.1109/LICS.1998.705669},
       URL = {https://doi-org.colorado.idm.oclc.org/10.1109/LICS.1998.705669},
}
		
@incollection {MR1640342,
    AUTHOR = {Pavlovi\'{c}, D. and Abramsky, S.},
     TITLE = {Specifying interaction categories},
 BOOKTITLE = {Category theory and computer science ({S}anta {M}argherita
              {L}igure, 1997)},
    SERIES = {Lecture Notes in Comput. Sci.},
    VOLUME = {1290},
     PAGES = {147--158},
 PUBLISHER = {Springer, Berlin},
      YEAR = {1997},
   MRCLASS = {68Q10 (68Q60)},
  MRNUMBER = {1640342},
       DOI = {10.1007/BFb0026986},
       URL = {https://doi-org.colorado.idm.oclc.org/10.1007/BFb0026986},
}
		
@incollection {MR1629511,
    AUTHOR = {Abramsky, Samson},
     TITLE = {Semantics of interaction: an introduction to game semantics},
 BOOKTITLE = {Semantics and logics of computation ({C}ambridge, 1995)},
    SERIES = {Publ. Newton Inst.},
    VOLUME = {14},
     PAGES = {1--31},
 PUBLISHER = {Cambridge Univ. Press, Cambridge},
      YEAR = {1997},
   MRCLASS = {68Q55 (03B70 68N15)},
  MRNUMBER = {1629511},
       DOI = {10.1017/CBO9780511526619.002},
       URL = {https://doi-org.colorado.idm.oclc.org/10.1017/CBO9780511526619.002},
}
		
@incollection {MR1608891,
    AUTHOR = {Abramsky, Samson and Gay, Simon and Nagarajan, Rajagopal},
     TITLE = {A type-theoretic approach to deadlock-freedom of asynchronous
              systems},
 BOOKTITLE = {Theoretical aspects of computer software ({S}endai, 1997)},
    SERIES = {Lecture Notes in Comput. Sci.},
    VOLUME = {1281},
     PAGES = {295--320},
 PUBLISHER = {Springer, Berlin},
      YEAR = {1997},
   MRCLASS = {68Q10 (68Q60)},
  MRNUMBER = {1608891},
       DOI = {10.1007/BFb0014557},
       URL = {https://doi-org.colorado.idm.oclc.org/10.1007/BFb0014557},
}
		
@incollection {MR1464956,
    AUTHOR = {Abramsky, Samson and McCusker, Guy},
     TITLE = {Linearity, sharing and state: a fully abstract game semantics
              for {IDEALIZED} {ALGOL} with active expressions},
 BOOKTITLE = {A{LGOL}-like languages, {V}ol. 2},
    SERIES = {Progr. Theoret. Comput. Sci.},
     PAGES = {297--329},
 PUBLISHER = {Birkh\"{a}user Boston, Boston, MA},
      YEAR = {1997},
   MRCLASS = {68Q55 (68N15)},
  MRNUMBER = {1464956},
}
		
@incollection {MR1488161,
    AUTHOR = {Abramsky, Samson and McCusker, Guy},
     TITLE = {Linearity, sharing and state: a fully abstract game semantics
              for {I}dealized {A}lgol with active expressions (extended
              abstract)},
 BOOKTITLE = {Linear logic 96 ({T}okyo)},
    SERIES = {Electron. Notes Theor. Comput. Sci.},
    VOLUME = {3},
     PAGES = {13},
 PUBLISHER = {Elsevier Sci. B. V., Amsterdam},
      YEAR = {1996},
   MRCLASS = {68Q55 (68N15)},
  MRNUMBER = {1488161},
}
		
@incollection {MR1480418,
    AUTHOR = {Abramsky, Samson},
     TITLE = {Retracing some paths in process algebra},
 BOOKTITLE = {C{ONCUR} '96: concurrency theory ({P}isa)},
    SERIES = {Lecture Notes in Comput. Sci.},
    VOLUME = {1119},
     PAGES = {1--17},
 PUBLISHER = {Springer, Berlin},
      YEAR = {1996},
   MRCLASS = {68Q10 (68Q55 68Q60)},
  MRNUMBER = {1480418},
       DOI = {10.1007/3-540-61604-7_44},
       URL = {https://doi-org.colorado.idm.oclc.org/10.1007/3-540-61604-7_44},
}
		
@incollection {MR1365749,
    AUTHOR = {Abramsky, Samson and Jung, Achim},
     TITLE = {Domain theory},
 BOOKTITLE = {Handbook of logic in computer science, {V}ol. 3},
    SERIES = {Handb. Log. Comput. Sci.},
    VOLUME = {3},
     PAGES = {1--168},
 PUBLISHER = {Oxford Univ. Press, New York},
      YEAR = {1994},
   MRCLASS = {68Q55 (03B70 06B35)},
  MRNUMBER = {1365749},
MRREVIEWER = {Guo-Qiang Zhang},
}
		
@article {MR1304077,
    AUTHOR = {Abramsky, Samson},
     TITLE = {Proofs as processes},
      NOTE = {Selected papers of the Meeting on the Mathematical Foundations
              of Programming Semantics (MFPS '92), Part I (Oxford, 1992)},
   JOURNAL = {Theoret. Comput. Sci.},
  FJOURNAL = {Theoretical Computer Science},
    VOLUME = {135},
      YEAR = {1994},
    NUMBER = {1},
     PAGES = {5--9},
      ISSN = {0304-3975},
   MRCLASS = {68Q10 (03B70 03F50 68Q55)},
  MRNUMBER = {1304077},
MRREVIEWER = {Xiang Li},
       DOI = {10.1016/0304-3975(94)00103-0},
       URL = {https://doi-org.colorado.idm.oclc.org/10.1016/0304-3975(94)00103-0},
}
		
@incollection {MR1296670,
    AUTHOR = {Abramsky, Samson and Malacaria, Pasquale and Jagadeesan,
              Radha},
     TITLE = {Full abstraction for {PCF} (extended abstract)},
 BOOKTITLE = {Theoretical aspects of computer software ({S}endai, 1994)},
    SERIES = {Lecture Notes in Comput. Sci.},
    VOLUME = {789},
     PAGES = {1--15},
 PUBLISHER = {Springer, Berlin},
      YEAR = {1994},
   MRCLASS = {68Q55},
  MRNUMBER = {1296670},
       DOI = {10.1007/3-540-57887-0_87},
       URL = {https://doi-org.colorado.idm.oclc.org/10.1007/3-540-57887-0_87},
}
		
@article {MR1276745,
    AUTHOR = {Abramsky, Samson and Jagadeesan, Radha},
     TITLE = {New foundations for the geometry of interaction},
      NOTE = {1992 IEEE Symposium on Logic in Computer Science},
   JOURNAL = {Inform. and Comput.},
  FJOURNAL = {Information and Computation},
    VOLUME = {111},
      YEAR = {1994},
    NUMBER = {1},
     PAGES = {53--119},
      ISSN = {0890-5401},
   MRCLASS = {03F05 (03B70 03F50 68Q55)},
  MRNUMBER = {1276745},
MRREVIEWER = {Henry Africk},
       DOI = {10.1006/inco.1994.1041},
       URL = {https://doi-org.colorado.idm.oclc.org/10.1006/inco.1994.1041},
}
		
@article {MR1276632,
    AUTHOR = {Abramsky, Samson and Jagadeesan, Radha},
     TITLE = {Games and full completeness for multiplicative linear logic},
   JOURNAL = {J. Symbolic Logic},
  FJOURNAL = {The Journal of Symbolic Logic},
    VOLUME = {59},
      YEAR = {1994},
    NUMBER = {2},
     PAGES = {543--574},
      ISSN = {0022-4812},
   MRCLASS = {03F50 (03B20)},
  MRNUMBER = {1276632},
MRREVIEWER = {Harold Schellinx},
       DOI = {10.2307/2275407},
       URL = {https://doi-org.colorado.idm.oclc.org/10.2307/2275407},
}
		
@article {MR1254742,
    AUTHOR = {Mackie, Ian and Rom\'{a}n, Leopoldo and Abramsky, Samson},
     TITLE = {An internal language for autonomous categories},
   JOURNAL = {Appl. Categ. Structures},
  FJOURNAL = {Applied Categorical Structures. A Journal Devoted to
              Applications of Categorical Methods in Algebra, Analysis,
              Order, Topology and Computer Science},
    VOLUME = {1},
      YEAR = {1993},
    NUMBER = {3},
     PAGES = {311--343},
      ISSN = {0927-2852},
   MRCLASS = {03B20 (03B40 03B80 03D80 03F50 18A99 18D15)},
  MRNUMBER = {1254742},
MRREVIEWER = {Bart Jacobs},
       DOI = {10.1007/BF00873993},
       URL = {https://doi-org.colorado.idm.oclc.org/10.1007/BF00873993},
}
		
@article {MR1226344,
    AUTHOR = {Abramsky, Samson and Ong, C.-H. Luke},
     TITLE = {Full abstraction in the lazy lambda calculus},
   JOURNAL = {Inform. and Comput.},
  FJOURNAL = {Information and Computation},
    VOLUME = {105},
      YEAR = {1993},
    NUMBER = {2},
     PAGES = {159--267},
      ISSN = {0890-5401},
   MRCLASS = {68Q55 (03B40 68N15)},
  MRNUMBER = {1226344},
MRREVIEWER = {Chantal Berline},
       DOI = {10.1006/inco.1993.1044},
       URL = {https://doi-org.colorado.idm.oclc.org/10.1006/inco.1993.1044},
}
		
@article {MR1224222,
    AUTHOR = {Abramsky, Samson and Vickers, Steven},
     TITLE = {Quantales, observational logic and process semantics},
   JOURNAL = {Math. Structures Comput. Sci.},
  FJOURNAL = {Mathematical Structures in Computer Science. A Journal in the
              Applications of Categorical, Algebraic and Geometric Methods
              in Computer Science},
    VOLUME = {3},
      YEAR = {1993},
    NUMBER = {2},
     PAGES = {161--227},
      ISSN = {0960-1295},
   MRCLASS = {68Q55},
  MRNUMBER = {1224222},
MRREVIEWER = {Gianfranco Mascari},
       DOI = {10.1017/S0960129500000189},
       URL = {https://doi-org.colorado.idm.oclc.org/10.1017/S0960129500000189},
}
		
@article {MR1216423,
    AUTHOR = {Abramsky, Samson},
     TITLE = {Computational interpretations of linear logic},
      NOTE = {6th Workshop on the Mathematical Foundations of Programming
              Semantics (Kingston, ON, 1990)},
   JOURNAL = {Theoret. Comput. Sci.},
  FJOURNAL = {Theoretical Computer Science},
    VOLUME = {111},
      YEAR = {1993},
    NUMBER = {1-2},
     PAGES = {3--57},
      ISSN = {0304-3975},
   MRCLASS = {03F50 (03B40 03B70 68Q60)},
  MRNUMBER = {1216423},
MRREVIEWER = {R. Gylys},
       DOI = {10.1016/0304-3975(93)90181-R},
       URL = {https://doi-org.colorado.idm.oclc.org/10.1016/0304-3975(93)90181-R},
}
		
@incollection {MR1229106,
    AUTHOR = {Abramsky, Samson and Jagadeesan, Radha},
     TITLE = {Games and full completeness for multiplicative linear logic
              (extended abstract)},
 BOOKTITLE = {Foundations of software technology and theoretical computer
              science ({N}ew {D}elhi, 1992)},
    SERIES = {Lecture Notes in Comput. Sci.},
    VOLUME = {652},
     PAGES = {291--301},
 PUBLISHER = {Springer, Berlin},
      YEAR = {1992},
   MRCLASS = {03B70},
  MRNUMBER = {1229106},
       DOI = {10.1007/3-540-56287-7_113},
       URL = {https://doi-org.colorado.idm.oclc.org/10.1007/3-540-56287-7_113},
}
		
@article {MR1109402,
    AUTHOR = {Abramsky, Samson},
     TITLE = {A domain equation for bisimulation},
   JOURNAL = {Inform. and Comput.},
  FJOURNAL = {Information and Computation},
    VOLUME = {92},
      YEAR = {1991},
    NUMBER = {2},
     PAGES = {161--218},
      ISSN = {0890-5401},
   MRCLASS = {68Q10 (68Q55)},
  MRNUMBER = {1109402},
       DOI = {10.1006/inco.1991.9999},
       URL = {https://doi-org.colorado.idm.oclc.org/10.1006/inco.1991.9999},
}
		
@article {MR1100496,
    AUTHOR = {Abramsky, Samson},
     TITLE = {Domain theory in logical form},
      NOTE = {Second Annual IEEE Symposium on Logic in Computer Science
              (Ithaca, NY, 1987)},
   JOURNAL = {Ann. Pure Appl. Logic},
  FJOURNAL = {Annals of Pure and Applied Logic},
    VOLUME = {51},
      YEAR = {1991},
    NUMBER = {1-2},
     PAGES = {1--77},
      ISSN = {0168-0072},
   MRCLASS = {03B70 (68Q55)},
  MRNUMBER = {1100496},
MRREVIEWER = {Eugenio Moggi},
       DOI = {10.1016/0168-0072(91)90065-T},
       URL = {https://doi-org.colorado.idm.oclc.org/10.1016/0168-0072(91)90065-T},
}
		
@article {MR1165236,
    AUTHOR = {Abramsky, Samson},
     TITLE = {Abstract interpretation, logical relations, and {K}an
              extensions},
   JOURNAL = {J. Logic Comput.},
  FJOURNAL = {Journal of Logic and Computation},
    VOLUME = {1},
      YEAR = {1990},
    NUMBER = {1},
     PAGES = {5--40},
      ISSN = {0955-792X},
   MRCLASS = {68Q60 (03B40 03B70)},
  MRNUMBER = {1165236},
MRREVIEWER = {John C. Mitchell},
       DOI = {10.1093/logcom/1.1.5},
       URL = {https://doi-org.colorado.idm.oclc.org/10.1093/logcom/1.1.5},
}
		
@incollection {MR1076390,
    AUTHOR = {Abramsky, Samson},
     TITLE = {A generalized {K}ahn principle for abstract asynchronous
              networks},
 BOOKTITLE = {Mathematical foundations of programming semantics ({N}ew
              {O}rleans, {LA}, 1989)},
    SERIES = {Lecture Notes in Comput. Sci.},
    VOLUME = {442},
     PAGES = {1--21},
 PUBLISHER = {Springer, Berlin},
      YEAR = {1990},
   MRCLASS = {68Q10 (18B20 68Q05)},
  MRNUMBER = {1076390},
       DOI = {10.1007/BFb0040252},
       URL = {https://doi-org.colorado.idm.oclc.org/10.1007/BFb0040252},
}
		
@article {MR918091,
    AUTHOR = {Abramsky, Samson},
     TITLE = {Observation equivalence as a testing equivalence},
   JOURNAL = {Theoret. Comput. Sci.},
  FJOURNAL = {Theoretical Computer Science},
    VOLUME = {53},
      YEAR = {1987},
    NUMBER = {2-3},
     PAGES = {225--241},
      ISSN = {0304-3975},
   MRCLASS = {68Q55 (68M15)},
  MRNUMBER = {918091},
MRREVIEWER = {Rocco De Nicola},
       DOI = {10.1016/0304-3975(87)90065-X},
       URL = {https://doi-org.colorado.idm.oclc.org/10.1016/0304-3975(87)90065-X},
}
		
@article {MR867677,
    AUTHOR = {Burn, Geoffrey L. and Hankin, Chris and Abramsky, Samson},
     TITLE = {Strictness analysis for higher-order functions},
   JOURNAL = {Sci. Comput. Programming},
  FJOURNAL = {Science of Computer Programming},
    VOLUME = {7},
      YEAR = {1986},
    NUMBER = {3},
     PAGES = {249--278},
      ISSN = {0167-6423},
   MRCLASS = {68N05 (68Q55)},
  MRNUMBER = {867677},
       DOI = {10.1016/0167-6423(86)90010-9},
       URL = {https://doi-org.colorado.idm.oclc.org/10.1016/0167-6423(86)90010-9},
}
		
@incollection {MR846660,
    AUTHOR = {Burn, G. L. and Hankin, C. L. and Abramsky, S.},
     TITLE = {The theory of strictness analysis for higher order functions},
 BOOKTITLE = {Programs as data objects ({C}openhagen, 1985)},
    SERIES = {Lecture Notes in Comput. Sci.},
    VOLUME = {217},
     PAGES = {42--62},
 PUBLISHER = {Springer, Berlin},
      YEAR = {1986},
   MRCLASS = {68Q55},
  MRNUMBER = {846660},
       DOI = {10.1007/3-540-16446-4_3},
       URL = {https://doi-org.colorado.idm.oclc.org/10.1007/3-540-16446-4_3},
}
		
@incollection {MR846658,
    AUTHOR = {Abramsky, Samson},
     TITLE = {Strictness analysis and polymorphic invariance (extended
              abstract)},
 BOOKTITLE = {Programs as data objects ({C}openhagen, 1985)},
    SERIES = {Lecture Notes in Comput. Sci.},
    VOLUME = {217},
     PAGES = {1--23},
 PUBLISHER = {Springer, Berlin},
      YEAR = {1986},
   MRCLASS = {68Q55 (03B40 03B70)},
  MRNUMBER = {846658},
       DOI = {10.1007/3-540-16446-4_1},
       URL = {https://doi-org.colorado.idm.oclc.org/10.1007/3-540-16446-4_1},
}
		
@incollection {MR734705,
    AUTHOR = {Abramsky, Samson},
     TITLE = {Experiments, powerdomains and fully abstract models for
              applicative multiprogramming},
 BOOKTITLE = {Foundations of computation theory ({B}orgholm, 1983)},
    SERIES = {Lecture Notes in Comput. Sci.},
    VOLUME = {158},
     PAGES = {1--13},
 PUBLISHER = {Springer, Berlin},
      YEAR = {1983},
   MRCLASS = {68N05 (68Q05)},
  MRNUMBER = {734705},
       DOI = {10.1007/3-540-12689-9_89},
       URL = {https://doi-org.colorado.idm.oclc.org/10.1007/3-540-12689-9_89},
}