@article {MR3856919,
    AUTHOR = {Ad\'{a}mek, Ji\v{r}\'{i} and Sousa, Lurdes},
     TITLE = {A formula for codensity monads and density comonads},
   JOURNAL = {Appl. Categ. Structures},
  FJOURNAL = {Applied Categorical Structures. A Journal Devoted to
              Applications of Categorical Methods in Algebra, Analysis,
              Order, Topology and Computer Science},
    VOLUME = {26},
      YEAR = {2018},
    NUMBER = {5},
     PAGES = {855--872},
      ISSN = {0927-2852},
   MRCLASS = {18A22},
  MRNUMBER = {3856919},
       DOI = {10.1007/s10485-018-9530-6},
       URL = {https://doi-org.colorado.idm.oclc.org/10.1007/s10485-018-9530-6},
}
		
@article {MR3806623,
    AUTHOR = {Ad\'{a}mek, Ji\v{r}\'{i} and Milius, Stefan and Urbat, Henning},
     TITLE = {A categorical approach to syntactic monoids},
   JOURNAL = {Log. Methods Comput. Sci.},
  FJOURNAL = {Logical Methods in Computer Science},
    VOLUME = {14},
      YEAR = {2018},
    NUMBER = {2},
     PAGES = {Paper No. 9, 34},
      ISSN = {1860-5974},
   MRCLASS = {18C50 (18B40 68Q70)},
  MRNUMBER = {3806623},
}
		
@article {MR3759517,
    AUTHOR = {Ad\'{a}mek, Ji\v{r}\'{i} and Milius, Stefan and Moss, Lawrence S.},
     TITLE = {Fixed points of functors},
   JOURNAL = {J. Log. Algebr. Methods Program.},
  FJOURNAL = {Journal of Logical and Algebraic Methods in Programming},
    VOLUME = {95},
      YEAR = {2018},
     PAGES = {41--81},
      ISSN = {2352-2208},
   MRCLASS = {18A22},
  MRNUMBER = {3759517},
MRREVIEWER = {Maurice Kianpi},
       DOI = {10.1016/j.jlamp.2017.11.003},
       URL = {https://doi-org.colorado.idm.oclc.org/10.1016/j.jlamp.2017.11.003},
}
		
@incollection {MR3755336,
    AUTHOR = {Urbat, Henning and Ad\'{a}mek, Ji\v{r}\'{i} and Chen, Liang-Ting and
              Milius, Stefan},
     TITLE = {Eilenberg theorems for free},
 BOOKTITLE = {42nd {I}nternational {S}ymposium on {M}athematical
              {F}oundations of {C}omputer {S}cience},
    SERIES = {LIPIcs. Leibniz Int. Proc. Inform.},
    VOLUME = {83},
     PAGES = {Art. No. 43, 15},
 PUBLISHER = {Schloss Dagstuhl. Leibniz-Zent. Inform., Wadern},
      YEAR = {2017},
   MRCLASS = {68Q70},
  MRNUMBER = {3755336},
}
		
@incollection {MR3746654,
    AUTHOR = {Ad\'{a}mek, Ji\v{r}\'{i} and Milius, Stefan},
     TITLE = {On corecursive algebras for functors preserving coproducts},
 BOOKTITLE = {7th {C}onference on {A}lgebra and {C}oalgebra in {C}omputer
              {S}cience},
    SERIES = {LIPIcs. Leibniz Int. Proc. Inform.},
    VOLUME = {72},
     PAGES = {Art. No. 3, 15},
 PUBLISHER = {Schloss Dagstuhl. Leibniz-Zent. Inform., Wadern},
      YEAR = {2017},
   MRCLASS = {18C50 (68Q55)},
  MRNUMBER = {3746654},
}
		
@article {MR3745465,
    AUTHOR = {Ad\'{a}mek, Ji\v{r}\'{i} and Rosick\'{y}, Ji\v{r}\'{i}},
     TITLE = {Algebra and local presentability: how algebraic are they? ({A}
              survey)},
   JOURNAL = {Tbilisi Math. J.},
  FJOURNAL = {Tbilisi Mathematical Journal},
    VOLUME = {10},
      YEAR = {2017},
    NUMBER = {3},
     PAGES = {279--295},
      ISSN = {1512-0139},
   MRCLASS = {18C10 (08C05 18C35)},
  MRNUMBER = {3745465},
MRREVIEWER = {Hugo Luiz Mariano},
       DOI = {10.1515/tmj-2017-0113},
       URL = {https://doi-org.colorado.idm.oclc.org/10.1515/tmj-2017-0113},
}
		
@article {MR3649193,
    AUTHOR = {Ad\'{a}mek, Ji\v{r}\'{i} and Milius, Stefan and Velebil, Ji\v{r}\'{i}},
     TITLE = {A presentation of bases for parametrized iterativity},
   JOURNAL = {Theory Appl. Categ.},
  FJOURNAL = {Theory and Applications of Categories},
    VOLUME = {32},
      YEAR = {2017},
     PAGES = {Paper No. 19, 682--718},
      ISSN = {1201-561X},
   MRCLASS = {08C05 (18C15 18C35)},
  MRNUMBER = {3649193},
MRREVIEWER = {Mustafa Kemal Berkta\c{s}},
}
		
@article {MR3633707,
    AUTHOR = {Ad\'{a}mek, Ji\v{r}\'{i} and Sousa, Lurdes},
     TITLE = {K{Z}-monadic categories and their logic},
   JOURNAL = {Theory Appl. Categ.},
  FJOURNAL = {Theory and Applications of Categories},
    VOLUME = {32},
      YEAR = {2017},
     PAGES = {Paper No. 10, 338--379},
      ISSN = {1201-561X},
   MRCLASS = {18C20 (06D22 18A15 18B35 18D20 18F20 54B30)},
  MRNUMBER = {3633707},
MRREVIEWER = {R. H. Street},
}
		
@article {MR3546506,
    AUTHOR = {Ad\'{a}mek, J. and Koubek, V. and Palm, T.},
     TITLE = {Fixed points of set functors: how many iterations are needed?},
   JOURNAL = {Appl. Categ. Structures},
  FJOURNAL = {Applied Categorical Structures. A Journal Devoted to
              Applications of Categorical Methods in Algebra, Analysis,
              Order, Topology and Computer Science},
    VOLUME = {24},
      YEAR = {2016},
    NUMBER = {5},
     PAGES = {649--661},
      ISSN = {0927-2852},
   MRCLASS = {18A30 (03E10)},
  MRNUMBER = {3546506},
MRREVIEWER = {Maurice Kianpi},
       DOI = {10.1007/s10485-016-9451-1},
       URL = {https://doi-org.colorado.idm.oclc.org/10.1007/s10485-016-9451-1},
}
		
@incollection {MR3533914,
    AUTHOR = {Ad\'{a}mek, Ji\v{r}\'{i}},
     TITLE = {Fixed points of functors---a short abstract},
 BOOKTITLE = {Coalgebraic methods in computer science},
    SERIES = {Lecture Notes in Comput. Sci.},
    VOLUME = {9608},
     PAGES = {1--4},
 PUBLISHER = {Springer, [Cham]},
      YEAR = {2016},
   MRCLASS = {18A99},
  MRNUMBER = {3533914},
       DOI = {10.1007/978-3-319-40370-0_1},
       URL = {https://doi-org.colorado.idm.oclc.org/10.1007/978-3-319-40370-0_1},
}
		
@incollection {MR3492436,
    AUTHOR = {Chen, Liang-Ting and Ad\'{a}mek, Ji\v{r}\'{i} and Milius, Stefan and
              Urbat, Henning},
     TITLE = {Profinite monads, profinite equations, and {R}eiterman's
              theorem},
 BOOKTITLE = {Foundations of software science and computation structures},
    SERIES = {Lecture Notes in Comput. Sci.},
    VOLUME = {9634},
     PAGES = {531--547},
 PUBLISHER = {Springer, Berlin},
      YEAR = {2016},
   MRCLASS = {68Q70 (08B25 18C15)},
  MRNUMBER = {3492436},
       DOI = {10.1007/978-3-662-49630-5_31},
       URL = {https://doi-org.colorado.idm.oclc.org/10.1007/978-3-662-49630-5_31},
}
		
@incollection {MR3538459,
    AUTHOR = {Ad\'{a}mek, Ji\v{r}\'{i} and Myers, Robert S. R. and Urbat, Henning and
              Milius, Stefan},
     TITLE = {Varieties of languages in a category},
 BOOKTITLE = {2015 30th {A}nnual {ACM}/{IEEE} {S}ymposium on {L}ogic in
              {C}omputer {S}cience ({LICS} 2015)},
     PAGES = {414--425},
 PUBLISHER = {IEEE Computer Soc., Los Alamitos, CA},
      YEAR = {2015},
   MRCLASS = {68Q70 (18C10 18C50)},
  MRNUMBER = {3538459},
}
		
@incollection {MR3453787,
    AUTHOR = {Ad\'{a}mek, Ji\v{r}\'{i} and Milius, Stefan and Urbat, Henning},
     TITLE = {Syntactic monoids in a category},
 BOOKTITLE = {6th {C}onference on {A}lgebra and {C}oalgebra in {C}omputer
              {S}cience},
    SERIES = {LIPIcs. Leibniz Int. Proc. Inform.},
    VOLUME = {35},
     PAGES = {1--16},
 PUBLISHER = {Schloss Dagstuhl. Leibniz-Zent. Inform., Wadern},
      YEAR = {2015},
   MRCLASS = {68Q70 (18C50)},
  MRNUMBER = {3453787},
}
		
@article {MR3416362,
    AUTHOR = {Myers, Robert S. R. and Ad\'{a}mek, Ji\v{r}\'{i} and Milius, Stefan and
              Urbat, Henning},
     TITLE = {Coalgebraic constructions of canonical nondeterministic
              automata},
   JOURNAL = {Theoret. Comput. Sci.},
  FJOURNAL = {Theoretical Computer Science},
    VOLUME = {604},
      YEAR = {2015},
     PAGES = {81--101},
      ISSN = {0304-3975},
   MRCLASS = {68Q45 (68Q65)},
  MRNUMBER = {3416362},
       DOI = {10.1016/j.tcs.2015.03.035},
       URL = {https://doi-org.colorado.idm.oclc.org/10.1016/j.tcs.2015.03.035},
}
		
@article {MR3406791,
    AUTHOR = {Ad\'{a}mek, J. and Rosick\'{y}, J.},
     TITLE = {On reflective subcategories of locally presentable categories},
   JOURNAL = {Theory Appl. Categ.},
  FJOURNAL = {Theory and Applications of Categories},
    VOLUME = {30},
      YEAR = {2015},
     PAGES = {Paper No. 41, 1306--1318},
      ISSN = {1201-561X},
   MRCLASS = {18A40 (18C35)},
  MRNUMBER = {3406791},
MRREVIEWER = {George Ciprian Modoi},
}
		
@article {MR3367134,
    AUTHOR = {Ad\'{a}mek, Ji\v{r}\'{i} and Levy, Paul B. and Milius, Stefan and Moss,
              Lawrence S. and Sousa, Lurdes},
     TITLE = {On final coalgebras of power-set functors and saturated trees},
   JOURNAL = {Appl. Categ. Structures},
  FJOURNAL = {Applied Categorical Structures. A Journal Devoted to
              Applications of Categorical Methods in Algebra, Analysis,
              Order, Topology and Computer Science},
    VOLUME = {23},
      YEAR = {2015},
    NUMBER = {4},
     PAGES = {609--641},
      ISSN = {0927-2852},
   MRCLASS = {03G30 (03B45 03E10 03E70)},
  MRNUMBER = {3367134},
MRREVIEWER = {Nathanael Leedom Ackerman},
       DOI = {10.1007/s10485-014-9372-9},
       URL = {https://doi-org.colorado.idm.oclc.org/10.1007/s10485-014-9372-9},
}
		
@article {MR3319416,
    AUTHOR = {Ad\'{a}mek, Ji\v{r}\'{i} and Milius, Stefan and Moss, Lawrence S. and
              Urbat, Henning},
     TITLE = {On finitary functors and their presentations},
   JOURNAL = {J. Comput. System Sci.},
  FJOURNAL = {Journal of Computer and System Sciences},
    VOLUME = {81},
      YEAR = {2015},
    NUMBER = {5},
     PAGES = {813--833},
      ISSN = {0022-0000},
   MRCLASS = {18C35 (18A30 18C15)},
  MRNUMBER = {3319416},
MRREVIEWER = {Sergey A. Solovyov},
       DOI = {10.1016/j.jcss.2014.12.002},
       URL = {https://doi-org.colorado.idm.oclc.org/10.1016/j.jcss.2014.12.002},
}
		
@article {MR3283679,
    AUTHOR = {Ad\'{a}mek, Ji\v{r}\'{i} and Sousa, Lurdes and Velebil, Ji\v{r}\'{i}},
     TITLE = {Kan injectivity in order-enriched categories},
   JOURNAL = {Math. Structures Comput. Sci.},
  FJOURNAL = {Mathematical Structures in Computer Science. A Journal in the
              Applications of Categorical, Algebraic and Geometric Methods
              in Computer Science},
    VOLUME = {25},
      YEAR = {2015},
    NUMBER = {1},
     PAGES = {6--45},
      ISSN = {0960-1295},
   MRCLASS = {18D20 (18B35 18C15)},
  MRNUMBER = {3283679},
MRREVIEWER = {Philippe Gaucher},
       DOI = {10.1017/S0960129514000024},
       URL = {https://doi-org.colorado.idm.oclc.org/10.1017/S0960129514000024},
}
		
@inproceedings {MR3404197,
    AUTHOR = {Ad\'{a}mek, Ji\v{r}\'{i} and Myers, Robert S. R. and Urbat, Henning and
              Milius, Stefan},
     TITLE = {On continuous nondeterminism and state minimality},
 BOOKTITLE = {Proceedings of the 30th {C}onference on the {M}athematical
              {F}oundations of {P}rogramming {S}emantics ({MFPS} {XXX})},
    SERIES = {Electron. Notes Theor. Comput. Sci.},
    VOLUME = {308},
     PAGES = {3--23},
 PUBLISHER = {Elsevier Sci. B. V., Amsterdam},
      YEAR = {2014},
   MRCLASS = {68Q70 (18B99)},
  MRNUMBER = {3404197},
       DOI = {10.1016/j.entcs.2014.10.002},
       URL = {https://doi-org.colorado.idm.oclc.org/10.1016/j.entcs.2014.10.002},
}
		
@incollection {MR3330897,
    AUTHOR = {Ad\'{a}mek, Ji\v{r}\'{i}},
     TITLE = {Colimits of monads},
 BOOKTITLE = {Categorical methods in algebra and topology},
    SERIES = {Textos Mat./Math. Texts},
    VOLUME = {46},
     PAGES = {7--33},
 PUBLISHER = {Univ. Coimbra, Coimbra},
      YEAR = {2014},
   MRCLASS = {18C15 (18C50)},
  MRNUMBER = {3330897},
MRREVIEWER = {R. H. Street},
}
		
@article {MR3263871,
    AUTHOR = {Ad\'{a}mek, Ji\v{r}\'{i} and Haddadi, Mahdie and Milius, Stefan},
     TITLE = {Corecursive algebras, corecursive monads and {B}loom monads},
   JOURNAL = {Log. Methods Comput. Sci.},
  FJOURNAL = {Logical Methods in Computer Science},
    VOLUME = {10},
      YEAR = {2014},
    NUMBER = {3},
     PAGES = {3:19, 51},
      ISSN = {1860-5974},
   MRCLASS = {68Q65},
  MRNUMBER = {3263871},
MRREVIEWER = {Florian Rabe},
       DOI = {10.2168/LMCS-10(3:19)2014},
       URL = {https://doi-org.colorado.idm.oclc.org/10.2168/LMCS-10(3:19)2014},
}
		
@incollection {MR3258895,
    AUTHOR = {Myers, Robert S. R. and Ad\'{a}mek, Ji\v{r}\'{i} and Milius, Stefan and
              Urbat, Henning},
     TITLE = {Canonical nondeterministic automata},
 BOOKTITLE = {Coalgebraic methods in computer science},
    SERIES = {Lecture Notes in Comput. Sci.},
    VOLUME = {8446},
     PAGES = {189--210},
 PUBLISHER = {Springer, Heidelberg},
      YEAR = {2014},
   MRCLASS = {68Q45},
  MRNUMBER = {3258895},
       DOI = {10.1007/978-3-662-44124-4_11},
       URL = {https://doi-org.colorado.idm.oclc.org/10.1007/978-3-662-44124-4_11},
}
		
@incollection {MR3193251,
    AUTHOR = {Ad\'{a}mek, Ji\v{r}\'{i} and Milius, Stefan and Myers, Robert S. R. and
              Urbat, Henning},
     TITLE = {Generalized {E}ilenberg theorem {I}: {L}ocal varieties of
              languages},
 BOOKTITLE = {Foundations of software science and computation structures},
    SERIES = {Lecture Notes in Comput. Sci.},
    VOLUME = {8412},
     PAGES = {366--380},
 PUBLISHER = {Springer, Heidelberg},
      YEAR = {2014},
   MRCLASS = {68Q45},
  MRNUMBER = {3193251},
       DOI = {10.1007/978-3-642-54830-7_24},
       URL = {https://doi-org.colorado.idm.oclc.org/10.1007/978-3-642-54830-7_24},
}
		
@article {MR3160485,
    AUTHOR = {Ad\'{a}mek, Ji\v{r}\'{i} and Milius, Stefan and Velebil, Ji\v{r}\'{i}},
     TITLE = {Base modules for parametrized iterativity},
   JOURNAL = {Theoret. Comput. Sci.},
  FJOURNAL = {Theoretical Computer Science},
    VOLUME = {523},
      YEAR = {2014},
     PAGES = {56--85},
      ISSN = {0304-3975},
   MRCLASS = {18C15 (68Q70)},
  MRNUMBER = {3160485},
MRREVIEWER = {Anna Labella},
       DOI = {10.1016/j.tcs.2013.12.019},
       URL = {https://doi-org.colorado.idm.oclc.org/10.1016/j.tcs.2013.12.019},
}
		
@article {MR3285795,
    AUTHOR = {Ad\'{a}mek, Ji\v{r}\'{i} and Haddadi, Mahdie and Milius, Stefan},
     TITLE = {Corecursive algebras, corecursive monads and {B}loom monads
              [reprint of MR3263871]},
   JOURNAL = {Log. Methods Comput. Sci.},
  FJOURNAL = {Logical Methods in Computer Science},
      YEAR = {2013/14},
    NUMBER = {Selected papers of ``Algebraic and Coalgebraic Methods in
              Computer Science: CALCO 2011''},
     PAGES = {51},
      ISSN = {1860-5974},
   MRCLASS = {68Q65},
  MRNUMBER = {3285795},
}
		
@article {MR3138779,
    AUTHOR = {Ad\'{a}mek, Ji\v{r}\'{i} and Milius, Stefan and Moss, Lawrence S. and
              Sousa, Lurdes},
     TITLE = {Well-pointed coalgebras},
   JOURNAL = {Log. Methods Comput. Sci.},
  FJOURNAL = {Logical Methods in Computer Science},
      YEAR = {2013},
    NUMBER = {Selected papers of ``Foundations of Software Science and
              Computation Structures'': FOSSACS 2012},
     PAGES = {3:2, 51},
      ISSN = {1860-5974},
   MRCLASS = {68Q65},
  MRNUMBER = {3138779},
}
		
@article {MR3091735,
    AUTHOR = {Ad\'{a}mek, Ji\v{r}\'{i} and Milius, Stefan and Moss, Lawrence S. and
              Sousa, Lurdes},
     TITLE = {Well-pointed coalgebras},
   JOURNAL = {Log. Methods Comput. Sci.},
  FJOURNAL = {Logical Methods in Computer Science},
    VOLUME = {9},
      YEAR = {2013},
    NUMBER = {3},
     PAGES = {3:2, 51},
      ISSN = {1860-5974},
   MRCLASS = {68Q65 (18B20)},
  MRNUMBER = {3091735},
MRREVIEWER = {J\v{i}r\'{i} Rosick\'{y}},
       DOI = {10.2168/LMCS-9(3:2)2013},
       URL = {https://doi-org.colorado.idm.oclc.org/10.2168/LMCS-9(3:2)2013},
}
		
@article {MR3033670,
    AUTHOR = {Ad\'{a}mek, Ji\v{r}\'{i} and Milius, Stefan and Velebil, Ji\v{r}\'{i}},
     TITLE = {How iterative reflections of monads are constructed},
   JOURNAL = {Inform. and Comput.},
  FJOURNAL = {Information and Computation},
    VOLUME = {225},
      YEAR = {2013},
     PAGES = {83--118},
      ISSN = {0890-5401},
   MRCLASS = {68Q55 (03D75 18C15 18C20 18C35)},
  MRNUMBER = {3033670},
MRREVIEWER = {Lutz Schr\"{o}der},
       DOI = {10.1016/j.ic.2013.02.003},
       URL = {https://doi-org.colorado.idm.oclc.org/10.1016/j.ic.2013.02.003},
}
		
@inproceedings {MR3050425,
    AUTHOR = {Ad\'{a}mek, Ji\v{r}\'{i} and Milius, Stefan and Bowler, Nathan and Levy,
              Paul B.},
     TITLE = {Coproducts of monads on {$\ssf{Set}$}},
 BOOKTITLE = {Proceedings of the 2012 27th {A}nnual {ACM}/{IEEE} {S}ymposium
              on {L}ogic in {C}omputer {S}cience},
     PAGES = {45--54},
 PUBLISHER = {IEEE Computer Soc., Los Alamitos, CA},
      YEAR = {2012},
   MRCLASS = {18C15 (18B05 68Q55 68Q65)},
  MRNUMBER = {3050425},
       DOI = {10.1109/LICS.2012.16},
       URL = {https://doi-org.colorado.idm.oclc.org/10.1109/LICS.2012.16},
}
		
@incollection {MR3003200,
    AUTHOR = {Ad\'{a}mek, Ji\v{r}\'{i} and Milius, Stefan and Moss, Lawrence S.},
     TITLE = {On finitary functors and their presentations},
 BOOKTITLE = {Coalgebraic methods in computer science},
    SERIES = {Lecture Notes in Comput. Sci.},
    VOLUME = {7399},
     PAGES = {51--70},
 PUBLISHER = {Springer, Heidelberg},
      YEAR = {2012},
   MRCLASS = {18A22},
  MRNUMBER = {3003200},
MRREVIEWER = {Jose M. Garc\'{i}a-Calcines},
       DOI = {10.1007/978-3-642-32784-1_4},
       URL = {https://doi-org.colorado.idm.oclc.org/10.1007/978-3-642-32784-1_4},
}
		
@article {MR2984363,
    AUTHOR = {Ad\'{a}mek, Ji\v{r}\'{i} and Rosick\'{y}, Ji\v{r}\'{i} and Vitale, Enrico M.},
     TITLE = {Birkhoff's variety theorem in many sorts},
   JOURNAL = {Algebra Universalis},
  FJOURNAL = {Algebra Universalis},
    VOLUME = {68},
      YEAR = {2012},
    NUMBER = {1-2},
     PAGES = {39--42},
      ISSN = {0002-5240},
   MRCLASS = {08A65},
  MRNUMBER = {2984363},
MRREVIEWER = {Juan Climent Vidal},
       DOI = {10.1007/s00012-012-0185-0},
       URL = {https://doi-org.colorado.idm.oclc.org/10.1007/s00012-012-0185-0},
}
		
@incollection {MR2968814,
    AUTHOR = {Ad\'{a}mek, Ji\v{r}\'{i} and Milius, Stefan and Moss, Lawrence S. and
              Sousa, Lurdes},
     TITLE = {Well-pointed coalgebras},
 BOOKTITLE = {Foundations of software science and computational structures},
    SERIES = {Lecture Notes in Comput. Sci.},
    VOLUME = {7213},
     PAGES = {89--103},
 PUBLISHER = {Springer, Heidelberg},
      YEAR = {2012},
   MRCLASS = {68Q65},
  MRNUMBER = {2968814},
       DOI = {10.1007/978-3-642-28729-9_6},
       URL = {https://doi-org.colorado.idm.oclc.org/10.1007/978-3-642-28729-9_6},
}
		
@incollection {MR2968812,
    AUTHOR = {Ad\'{a}mek, Ji\v{r}\'{i} and Bonchi, Filippo and H\"{u}lsbusch, Mathias and
              K\"{o}nig, Barbara and Milius, Stefan and Silva, Alexandra},
     TITLE = {A coalgebraic perspective on minimization and determinization},
 BOOKTITLE = {Foundations of software science and computational structures},
    SERIES = {Lecture Notes in Comput. Sci.},
    VOLUME = {7213},
     PAGES = {58--73},
 PUBLISHER = {Springer, Heidelberg},
      YEAR = {2012},
   MRCLASS = {68Q65 (68Q45)},
  MRNUMBER = {2968812},
       DOI = {10.1007/978-3-642-28729-9_4},
       URL = {https://doi-org.colorado.idm.oclc.org/10.1007/978-3-642-28729-9_4},
}
		
@article {MR2925880,
    AUTHOR = {Ad\'{a}mek, Ji\v{r}\'{i} and Trnkov\'{a}, V\v{e}ra},
     TITLE = {Relatively terminal coalgebras},
   JOURNAL = {J. Pure Appl. Algebra},
  FJOURNAL = {Journal of Pure and Applied Algebra},
    VOLUME = {216},
      YEAR = {2012},
    NUMBER = {8-9},
     PAGES = {1887--1895},
      ISSN = {0022-4049},
   MRCLASS = {18A35 (08A70 68Q65)},
  MRNUMBER = {2925880},
MRREVIEWER = {Alessandro Ardizzoni},
       DOI = {10.1016/j.jpaa.2012.02.026},
       URL = {https://doi-org.colorado.idm.oclc.org/10.1016/j.jpaa.2012.02.026},
}
		
@incollection {MR2874513,
    AUTHOR = {Ad\'{a}mek, Ji\v{r}\'{i} and Haddadi, Mahdieh and Milius, Stefan},
     TITLE = {From corecursive algebras to corecursive monads},
 BOOKTITLE = {Algebra and coalgebra in computer science},
    SERIES = {Lecture Notes in Comput. Sci.},
    VOLUME = {6859},
     PAGES = {55--69},
 PUBLISHER = {Springer, Heidelberg},
      YEAR = {2011},
   MRCLASS = {68Q65 (18C15)},
  MRNUMBER = {2874513},
       DOI = {10.1007/978-3-642-22944-2_5},
       URL = {https://doi-org.colorado.idm.oclc.org/10.1007/978-3-642-22944-2_5},
}
		
@incollection {MR2854498,
    AUTHOR = {Ad\'{a}mek, Ji\v{r}\'{i} and Milius, Stefan and Moss, Lawrence S. and
              Sousa, Lurdes},
     TITLE = {Power-set functors and saturated trees},
 BOOKTITLE = {Computer science logic 2011},
    SERIES = {LIPIcs. Leibniz Int. Proc. Inform.},
    VOLUME = {12},
     PAGES = {5--19},
 PUBLISHER = {Schloss Dagstuhl. Leibniz-Zent. Inform., Wadern},
      YEAR = {2011},
   MRCLASS = {68Q65 (03B45)},
  MRNUMBER = {2854498},
}
		
@article {MR2849689,
    AUTHOR = {Ad\'{a}mek, Ji\v{r}\'{i} and Milius, Stefan and Velebil, Ji\v{r}\'{i}},
     TITLE = {On second-order iterative monads},
   JOURNAL = {Theoret. Comput. Sci.},
  FJOURNAL = {Theoretical Computer Science},
    VOLUME = {412},
      YEAR = {2011},
    NUMBER = {38},
     PAGES = {4969--4988},
      ISSN = {0304-3975},
   MRCLASS = {18C15 (68Q55 68Q65)},
  MRNUMBER = {2849689},
       DOI = {10.1016/j.tcs.2011.04.027},
       URL = {https://doi-org.colorado.idm.oclc.org/10.1016/j.tcs.2011.04.027},
}
		
@article {MR2836950,
    AUTHOR = {Ad\'{a}mek, Ji\v{r}\'{i} and Milius, Stefan and Velebil, Ji\v{r}\'{i}},
     TITLE = {Semantics of higher-order recursion schemes [reprint of
              MR2783946]},
   JOURNAL = {Log. Methods Comput. Sci.},
  FJOURNAL = {Logical Methods in Computer Science},
      YEAR = {2011},
    NUMBER = {Special issue: Algebra and Coalgebra in Computer Science:
              CALCO 2009},
     PAGES = {1:15, 43},
      ISSN = {1860-5974},
   MRCLASS = {68Q55 (18C10)},
  MRNUMBER = {2836950},
}
		
@article {MR2784610,
    AUTHOR = {Ad\'{a}mek, Ji\v{r}\'{i} and Trnkov\'{a}, V\v{e}ra},
     TITLE = {Initial algebras and terminal coalgebras in many-sorted sets},
   JOURNAL = {Math. Structures Comput. Sci.},
  FJOURNAL = {Mathematical Structures in Computer Science. A Journal in the
              Applications of Categorical, Algebraic and Geometric Methods
              in Computer Science},
    VOLUME = {21},
      YEAR = {2011},
    NUMBER = {2},
     PAGES = {481--509},
      ISSN = {0960-1295},
   MRCLASS = {68Q65},
  MRNUMBER = {2784610},
       DOI = {10.1017/S0960129510000502},
       URL = {https://doi-org.colorado.idm.oclc.org/10.1017/S0960129510000502},
}
		
@article {MR2784609,
    AUTHOR = {Ad\'{a}mek, Ji\v{r}\'{i} and Milius, Stefan and Velebil, Ji\v{r}\'{i}},
     TITLE = {Elgot theories: a new perspective on the equational properties
              of iteration},
   JOURNAL = {Math. Structures Comput. Sci.},
  FJOURNAL = {Mathematical Structures in Computer Science. A Journal in the
              Applications of Categorical, Algebraic and Geometric Methods
              in Computer Science},
    VOLUME = {21},
      YEAR = {2011},
    NUMBER = {2},
     PAGES = {417--480},
      ISSN = {0960-1295},
   MRCLASS = {18C50 (03C05 18C05 18C20 68Q65)},
  MRNUMBER = {2784609},
MRREVIEWER = {Juan Climent Vidal},
       DOI = {10.1017/S0960129510000496},
       URL = {https://doi-org.colorado.idm.oclc.org/10.1017/S0960129510000496},
}
		
@article {MR2783946,
    AUTHOR = {Ad\'{a}mek, Ji\v{r}\'{i} and Milius, Stefan and Velebil, Ji\v{r}\'{i}},
     TITLE = {Semantics of higher-order recursion schemes},
   JOURNAL = {Log. Methods Comput. Sci.},
  FJOURNAL = {Logical Methods in Computer Science},
    VOLUME = {7},
      YEAR = {2011},
    NUMBER = {1},
     PAGES = {1:15, 43},
      ISSN = {1860-5974},
   MRCLASS = {03G30 (03B40 03D75 18C10 68Q55)},
  MRNUMBER = {2783946},
MRREVIEWER = {Robert S. Lubarsky},
       DOI = {10.2168/LMCS-7(1:15)2011},
       URL = {https://doi-org.colorado.idm.oclc.org/10.2168/LMCS-7(1:15)2011},
}
		
@book {MR2757312,
    AUTHOR = {Ad\'{a}mek, J. and Rosick\'{y}, J. and Vitale, E. M.},
     TITLE = {Algebraic theories},
    SERIES = {Cambridge Tracts in Mathematics},
    VOLUME = {184},
      NOTE = {A categorical introduction to general algebra,
              With a foreword by F. W. Lawvere},
 PUBLISHER = {Cambridge University Press, Cambridge},
      YEAR = {2011},
     PAGES = {xviii+249},
      ISBN = {978-0-521-11922-1},
   MRCLASS = {18-02 (18C05 18C10 18C15)},
  MRNUMBER = {2757312},
MRREVIEWER = {Walter Tholen},
}
		
@inproceedings {MR2908925,
    AUTHOR = {Ad\'{a}mek, Ji\v{r}\'{i} and Milius, Stefan and Velebil, Ji\v{r}\'{i}},
     TITLE = {Recursive program schemes and context-free monads},
 BOOKTITLE = {Proceedings of the {T}enth {W}orkshop on {C}oalgebraic
              {M}ethods in {C}omputer {S}cience ({CMCS} 2010)},
    SERIES = {Electron. Notes Theor. Comput. Sci.},
    VOLUME = {264},
     PAGES = {3--23},
 PUBLISHER = {Elsevier Sci. B. V., Amsterdam},
      YEAR = {2010},
   MRCLASS = {68Q55 (68Q65)},
  MRNUMBER = {2908925},
}
		
@article {MR2812925,
    AUTHOR = {Ad\'{a}mek, J. and H\'{e}bert, M. and Sousa, L.},
     TITLE = {Erratum to ``{A} logic of injectivity, {\it {J}ournal of
              homotopy and related structures} 2 (2007), 13--47''
              [MR2369160]},
   JOURNAL = {J. Homotopy Relat. Struct.},
  FJOURNAL = {Journal of Homotopy and Related Structures},
    VOLUME = {5},
      YEAR = {2010},
    NUMBER = {1},
     PAGES = {359},
   MRCLASS = {18A15 (03C75 18C10 55U35)},
  MRNUMBER = {2812925},
}
		
@article {MR2744813,
    AUTHOR = {Ad\'{a}mek, Ji\v{r}\'{i} and Milius, Stefan and Velebil, Ji\v{r}\'{i}},
     TITLE = {Equational properties of iterative monads},
   JOURNAL = {Inform. and Comput.},
  FJOURNAL = {Information and Computation},
    VOLUME = {208},
      YEAR = {2010},
    NUMBER = {12},
     PAGES = {1306--1348},
      ISSN = {0890-5401},
   MRCLASS = {68Q65 (18C50)},
  MRNUMBER = {2744813},
MRREVIEWER = {R\u{a}zvan Diaconescu},
       DOI = {10.1016/j.ic.2009.10.006},
       URL = {https://doi-org.colorado.idm.oclc.org/10.1016/j.ic.2009.10.006},
}
		
@article {MR2744812,
    AUTHOR = {Ad\'{a}mek, Ji\v{r}\'{i} and Kupke, Clemens},
     TITLE = {International workshop on coalgebraic methods in computer
              science ({CMSC} 2008)},
      NOTE = {Held in Budapest, April 4--6, 2008},
   JOURNAL = {Inform. and Comput.},
  FJOURNAL = {Information and Computation},
    VOLUME = {208},
      YEAR = {2010},
    NUMBER = {12},
     PAGES = {1305},
      ISSN = {0890-5401},
   MRCLASS = {68-06 (68Q65)},
  MRNUMBER = {2744812},
       DOI = {10.1016/j.ic.2010.05.001},
       URL = {https://doi-org.colorado.idm.oclc.org/10.1016/j.ic.2010.05.001},
}
		
@article {MR2725166,
    AUTHOR = {Ad\'{a}mek, J. and Gumm, H. P. and Trnkov\'{a}, V.},
     TITLE = {Presentation of set functors: a coalgebraic perspective},
   JOURNAL = {J. Logic Comput.},
  FJOURNAL = {Journal of Logic and Computation},
    VOLUME = {20},
      YEAR = {2010},
    NUMBER = {5},
     PAGES = {991--1015},
      ISSN = {0955-792X},
   MRCLASS = {03E99 (18B05)},
  MRNUMBER = {2725166},
       DOI = {10.1093/logcom/exn090},
       URL = {https://doi-org.colorado.idm.oclc.org/10.1093/logcom/exn090},
}
		
@article {MR2720191,
    AUTHOR = {Ad\'{a}mek, J. and Rosick\'{y}, J. and Vitale, E. M.},
     TITLE = {What are sifted colimits?},
   JOURNAL = {Theory Appl. Categ.},
  FJOURNAL = {Theory and Applications of Categories},
    VOLUME = {23},
      YEAR = {2010},
     PAGES = {No. 13, 251--260},
      ISSN = {1201-561X},
   MRCLASS = {18A30 (18A35)},
  MRNUMBER = {2720191},
MRREVIEWER = {Stephen Lack},
}
		
@article {MR2650577,
    AUTHOR = {Ad\'{a}mek, Jir\'{i} and Sousa, Lurdes},
     TITLE = {On quasi-equations in locally presentable categories. {II}.
              {A} logic},
   JOURNAL = {Cah. Topol. G\'{e}om. Diff\'{e}r. Cat\'{e}g.},
  FJOURNAL = {Cahiers de Topologie et G\'{e}om\'{e}trie Diff\'{e}rentielle Cat\'{e}goriques},
    VOLUME = {51},
      YEAR = {2010},
    NUMBER = {1},
     PAGES = {3--28},
      ISSN = {1245-530X},
   MRCLASS = {18A15 (08B05 18C35 18E10)},
  MRNUMBER = {2650577},
MRREVIEWER = {Aurora del R\'{i}o},
}
		
@article {MR2646632,
    AUTHOR = {Ad\'{a}mek, Ji\v{r}\'{i} and Milius, Stefan and Velebil, Ji\v{r}\'{i}},
     TITLE = {Iterative reflections of monads},
   JOURNAL = {Math. Structures Comput. Sci.},
  FJOURNAL = {Mathematical Structures in Computer Science. A Journal in the
              Applications of Categorical, Algebraic and Geometric Methods
              in Computer Science},
    VOLUME = {20},
      YEAR = {2010},
    NUMBER = {3},
     PAGES = {419--452},
      ISSN = {0960-1295},
   MRCLASS = {18C20 (68Q85)},
  MRNUMBER = {2646632},
       DOI = {10.1017/S0960129509990326},
       URL = {https://doi-org.colorado.idm.oclc.org/10.1017/S0960129509990326},
}
		
@article {MR2589619,
    AUTHOR = {Adamek, Jiri and Hebert, Michel},
     TITLE = {Quasi-equations in locally presentable categories},
   JOURNAL = {Cah. Topol. G\'{e}om. Diff\'{e}r. Cat\'{e}g.},
  FJOURNAL = {Cahiers de Topologie et G\'{e}om\'{e}trie Diff\'{e}rentielle Cat\'{e}goriques},
    VOLUME = {50},
      YEAR = {2009},
    NUMBER = {4},
     PAGES = {273--297},
      ISSN = {1245-530X},
   MRCLASS = {18D05},
  MRNUMBER = {2589619},
}
		
@article {MR2565857,
    AUTHOR = {Ad\'{a}mek, Ji\v{r}\'{i} and Sobral, Manuela and Sousa, Lurdes},
     TITLE = {A logic of implications in algebra and coalgebra},
   JOURNAL = {Algebra Universalis},
  FJOURNAL = {Algebra Universalis},
    VOLUME = {61},
      YEAR = {2009},
    NUMBER = {3-4},
     PAGES = {313--337},
      ISSN = {0002-5240},
   MRCLASS = {18A15},
  MRNUMBER = {2565857},
MRREVIEWER = {Chris Heunen},
       DOI = {10.1007/s00012-009-0009-z},
       URL = {https://doi-org.colorado.idm.oclc.org/10.1007/s00012-009-0009-z},
}
		
@incollection {MR2557821,
    AUTHOR = {Ad\'{a}mek, Ji\v{r}\'{i} and Milius, Stefan and Velebil, Ji\v{r}\'{i}},
     TITLE = {Semantics of higher-order recursion schemes},
 BOOKTITLE = {Algebra and coalgebra in computer science},
    SERIES = {Lecture Notes in Comput. Sci.},
    VOLUME = {5728},
     PAGES = {49--63},
 PUBLISHER = {Springer, Berlin},
      YEAR = {2009},
   MRCLASS = {68Q55 (68Q65)},
  MRNUMBER = {2557821},
       DOI = {10.1007/978-3-642-03741-2_5},
       URL = {https://doi-org.colorado.idm.oclc.org/10.1007/978-3-642-03741-2_5},
}
		
@article {MR2553537,
    AUTHOR = {Adamek, J. and Gran, M. and Ehresmann, A. C. and Janelidze, G.
              and Kieboom, R.},
     TITLE = {Foreword [1st {V}olume dedicated to {F}. {B}orceux]},
   JOURNAL = {Cah. Topol. G\'{e}om. Diff\'{e}r. Cat\'{e}g.},
  FJOURNAL = {Cahiers de Topologie et G\'{e}om\'{e}trie Diff\'{e}rentielle Cat\'{e}goriques},
    VOLUME = {50},
      YEAR = {2009},
    NUMBER = {3},
     PAGES = {163--170},
      ISSN = {1245-530X},
   MRCLASS = {18-06},
  MRNUMBER = {2553537},
}
		
@article {MR2506255,
    AUTHOR = {Ad\'{a}mek, Ji\v{r}\'{i} and H\'{e}bert, Michel and Sousa, Lurdes},
     TITLE = {The orthogonal subcategory problem and the small object
              argument},
   JOURNAL = {Appl. Categ. Structures},
  FJOURNAL = {Applied Categorical Structures. A Journal Devoted to
              Applications of Categorical Methods in Algebra, Analysis,
              Order, Topology and Computer Science},
    VOLUME = {17},
      YEAR = {2009},
    NUMBER = {3},
     PAGES = {211--246},
      ISSN = {0927-2852},
   MRCLASS = {18A40 (18G05 55P99)},
  MRNUMBER = {2506255},
MRREVIEWER = {Philippe Gaucher},
       DOI = {10.1007/s10485-008-9153-4},
       URL = {https://doi-org.colorado.idm.oclc.org/10.1007/s10485-008-9153-4},
}
		
@article {MR2476852,
    AUTHOR = {Ad\'{a}mek, J. and Velebil, J.},
     TITLE = {Analytic functors and weak pullbacks},
   JOURNAL = {Theory Appl. Categ.},
  FJOURNAL = {Theory and Applications of Categories},
    VOLUME = {21},
      YEAR = {2008},
     PAGES = {No. 11, 191--209},
      ISSN = {1201-561X},
   MRCLASS = {18A25 (18A30 18B05 18D10)},
  MRNUMBER = {2476852},
MRREVIEWER = {Nicola Gambino},
}
		
@article {MR2460928,
    AUTHOR = {Ad\'{a}mek, Ji\v{r}\'{i} and Bloom, Stephen L. and Milius, Stefan},
     TITLE = {On algebras with iteration},
   JOURNAL = {J. Logic Comput.},
  FJOURNAL = {Journal of Logic and Computation},
    VOLUME = {18},
      YEAR = {2008},
    NUMBER = {6},
     PAGES = {1047--1085},
      ISSN = {0955-792X},
   MRCLASS = {68Q65 (03C05 68Q55)},
  MRNUMBER = {2460928},
MRREVIEWER = {R\u{a}zvan Diaconescu},
       DOI = {10.1093/logcom/exn035},
       URL = {https://doi-org.colorado.idm.oclc.org/10.1093/logcom/exn035},
}
		
@article {MR2436516,
    AUTHOR = {Ad\'{a}mek, Ji\v{r}\'{i} and Milius, Stefan and Velebil, Ji\v{r}\'{i}},
     TITLE = {Bases for parametrized iterativity},
   JOURNAL = {Inform. and Comput.},
  FJOURNAL = {Information and Computation},
    VOLUME = {206},
      YEAR = {2008},
    NUMBER = {8},
     PAGES = {966--1002},
      ISSN = {0890-5401},
   MRCLASS = {08A40 (18B99 68W30)},
  MRNUMBER = {2436516},
       DOI = {10.1016/j.ic.2008.05.002},
       URL = {https://doi-org.colorado.idm.oclc.org/10.1016/j.ic.2008.05.002},
}
		
@incollection {MR2539430,
    AUTHOR = {Ad\'{a}mek, Ji\v{r}\'{i} and Milius, Stefan and Velebil, Ji\v{r}\'{i}},
     TITLE = {What are iteration theories?},
 BOOKTITLE = {Mathematical foundations of computer science 2007},
    SERIES = {Lecture Notes in Comput. Sci.},
    VOLUME = {4708},
     PAGES = {240--252},
 PUBLISHER = {Springer, Berlin},
      YEAR = {2007},
   MRCLASS = {68Q55 (03C05)},
  MRNUMBER = {2539430},
       DOI = {10.1007/978-3-540-74456-6_23},
       URL = {https://doi-org.colorado.idm.oclc.org/10.1007/978-3-540-74456-6_23},
}
		
@article {MR2377973,
    AUTHOR = {Ad\'{a}mek, Ji\v{r}\'{i} and L\"{u}cke, Dominik and Milius, Stefan},
     TITLE = {Recursive coalgebras of finitary functors},
   JOURNAL = {Theor. Inform. Appl.},
  FJOURNAL = {Theoretical Informatics and Applications. Informatique
              Th\'{e}orique et Applications},
    VOLUME = {41},
      YEAR = {2007},
    NUMBER = {4},
     PAGES = {447--462},
      ISSN = {0988-3754},
   MRCLASS = {03D75 (18A25 68Q65)},
  MRNUMBER = {2377973},
MRREVIEWER = {Lutz Schr\"{o}der},
       DOI = {10.1051/ita:2007028},
       URL = {https://doi-org.colorado.idm.oclc.org/10.1051/ita:2007028},
}
		
@article {MR2369160,
    AUTHOR = {Ad\'{a}mek, J. and H\'{e}bert, M. and Sousa, L.},
     TITLE = {A logic of injectivity},
   JOURNAL = {J. Homotopy Relat. Struct.},
  FJOURNAL = {Journal of Homotopy and Related Structures},
    VOLUME = {2},
      YEAR = {2007},
    NUMBER = {2},
     PAGES = {13--47},
   MRCLASS = {18A15 (03C75 18C10 55U35)},
  MRNUMBER = {2369160},
MRREVIEWER = {H. Herrlich},
}
		
@article {MR2369019,
    AUTHOR = {Ad\'{a}mek, J. and B\"{o}rger, R. and Milius, S. and Velebil, J.},
     TITLE = {Iterative algebras: how iterative are they?},
   JOURNAL = {Theory Appl. Categ.},
  FJOURNAL = {Theory and Applications of Categories},
    VOLUME = {19},
      YEAR = {2007},
     PAGES = {No. 5, 61--92},
      ISSN = {1201-561X},
   MRCLASS = {68Q65 (18A15)},
  MRNUMBER = {2369019},
MRREVIEWER = {Stephen L. Bloom},
}
		
@article {MR2368293,
    AUTHOR = {Ad\'{a}mek, Ji\v{r}\'{i} and Milius, Stefan and Velebil, Ji\v{r}\'{i}},
     TITLE = {Algebras with parametrized iterativity},
   JOURNAL = {Theoret. Comput. Sci.},
  FJOURNAL = {Theoretical Computer Science},
    VOLUME = {388},
      YEAR = {2007},
    NUMBER = {1-3},
     PAGES = {130--151},
      ISSN = {0304-3975},
   MRCLASS = {68Q99 (68Q65 68Q70)},
  MRNUMBER = {2368293},
       DOI = {10.1016/j.tcs.2007.06.015},
       URL = {https://doi-org.colorado.idm.oclc.org/10.1016/j.tcs.2007.06.015},
}
		
@article {MR2365326,
    AUTHOR = {Ad\'{a}mek, Ji\v{r}\'{i} and Paseka, Jan},
     TITLE = {Professor {R}osick\'{y} sexagenarian},
   JOURNAL = {Math. Bohem.},
  FJOURNAL = {Academy of Sciences of the Czech Republic. Mathematical
              Institute. Mathematica Bohemica},
    VOLUME = {132},
      YEAR = {2007},
    NUMBER = {4},
     PAGES = {437--443},
      ISSN = {0862-7959},
   MRCLASS = {01A70},
  MRNUMBER = {2365326},
}
		
@article {MR2295787,
    AUTHOR = {Ad\'{a}mek, Ji\v{r}\'{i} and Milius, Stefan and Velebil, Ji\v{r}\'{i}},
     TITLE = {Elgot algebras},
   JOURNAL = {Log. Methods Comput. Sci.},
  FJOURNAL = {Logical Methods in Computer Science},
    VOLUME = {2},
      YEAR = {2006},
    NUMBER = {5},
     PAGES = {5:4, 31},
      ISSN = {1860-5974},
   MRCLASS = {03D75 (18C10 18C35 68Q55)},
  MRNUMBER = {2295787},
MRREVIEWER = {Lutz Schr\"{o}der},
       DOI = {10.2168/LMCS-2(5:4)2006},
       URL = {https://doi-org.colorado.idm.oclc.org/10.2168/LMCS-2(5:4)2006},
}
		
@article {MR2285593,
    AUTHOR = {Ad\'{a}mek, Ji\v{r}\'{i} and Milius, Stefan and Velebil, Ji\v{r}\'{i}},
     TITLE = {Iterative algebras at work},
   JOURNAL = {Math. Structures Comput. Sci.},
  FJOURNAL = {Mathematical Structures in Computer Science. A Journal in the
              Applications of Categorical, Algebraic and Geometric Methods
              in Computer Science},
    VOLUME = {16},
      YEAR = {2006},
    NUMBER = {6},
     PAGES = {1085--1131},
      ISSN = {0960-1295},
   MRCLASS = {68Q05 (68Q55 68Q65)},
  MRNUMBER = {2285593},
MRREVIEWER = {Stephen L. Bloom},
       DOI = {10.1017/S0960129506005706},
       URL = {https://doi-org.colorado.idm.oclc.org/10.1017/S0960129506005706},
}
		
@article {MR2283016,
    AUTHOR = {Ad\'{a}mek, J. and H\'{e}bert, M. and Sousa, L.},
     TITLE = {A logic of orthogonality},
   JOURNAL = {Arch. Math. (Brno)},
  FJOURNAL = {Universitatis Masarykianae Brunensis. Facultas Scientiarum
              Naturalium. Archivum Mathematicum},
    VOLUME = {42},
      YEAR = {2006},
    NUMBER = {4},
     PAGES = {309--334},
      ISSN = {0044-8753},
   MRCLASS = {18C10 (03C05 03G30 18C35)},
  MRNUMBER = {2283016},
MRREVIEWER = {Steve Awodey},
}
		
@inproceedings {MR2270204,
    AUTHOR = {Ad\'{a}mek, Ji\v{r}\'{i} and Milius, Stefan and Velebil, Ji\v{r}\'{i}},
     TITLE = {How iterative are iterative algebras?},
 BOOKTITLE = {Proceedings of the {E}ighth {W}orkshop on {C}oalgebraic
              {M}ethods in {C}omputer {S}cience ({CMCS} 2006)},
    SERIES = {Electron. Notes Theor. Comput. Sci.},
    VOLUME = {164},
     PAGES = {157--175},
 PUBLISHER = {Elsevier Sci. B. V., Amsterdam},
      YEAR = {2006},
   MRCLASS = {68Q65 (18A15)},
  MRNUMBER = {2270204},
}
		
@article {MR2267738,
    AUTHOR = {Ad\'{a}mek, J.},
     TITLE = {The intersection of algebra and coalgebra},
   JOURNAL = {Theoret. Comput. Sci.},
  FJOURNAL = {Theoretical Computer Science},
    VOLUME = {366},
      YEAR = {2006},
    NUMBER = {1-2},
     PAGES = {82--97},
      ISSN = {0304-3975},
   MRCLASS = {18C05 (08B99 08C05 18B20 18B25 18C20)},
  MRNUMBER = {2267738},
MRREVIEWER = {Mojgan Mahmoudi},
       DOI = {10.1016/j.tcs.2006.07.004},
       URL = {https://doi-org.colorado.idm.oclc.org/10.1016/j.tcs.2006.07.004},
}
		
@article {MR2244258,
    AUTHOR = {Ad\'{a}mek, Ji\v{r}\'{i} and Rosick\'{y}, Ji\v{r}\'{i}},
     TITLE = {Pure morphisms in pro-categories},
   JOURNAL = {J. Pure Appl. Algebra},
  FJOURNAL = {Journal of Pure and Applied Algebra},
    VOLUME = {207},
      YEAR = {2006},
    NUMBER = {1},
     PAGES = {19--35},
      ISSN = {0022-4049},
   MRCLASS = {18C35 (18B30 54C56)},
  MRNUMBER = {2244258},
       DOI = {10.1016/j.jpaa.2005.09.013},
       URL = {https://doi-org.colorado.idm.oclc.org/10.1016/j.jpaa.2005.09.013},
}
		
@article {MR2240597,
    AUTHOR = {Ad\'{a}mek, Ji\v{r}\'{i} and Herrlich, Horst and Strecker, George E.},
     TITLE = {Abstract and concrete categories: the joy of cats},
      NOTE = {Reprint of the 1990 original [Wiley, New York; MR1051419]},
   JOURNAL = {Repr. Theory Appl. Categ.},
  FJOURNAL = {Reprints in Theory and Applications of Categories},
    NUMBER = {17},
      YEAR = {2006},
     PAGES = {1--507},
   MRCLASS = {18-02 (08C05 18A20 18B30 54B30)},
  MRNUMBER = {2240597},
}
		
@article {MR2236520,
    AUTHOR = {Ad\'{a}mek, Ji\v{r}\'{i} and Milius, Stefan},
     TITLE = {Terminal coalgebras and free iterative theories},
   JOURNAL = {Inform. and Comput.},
  FJOURNAL = {Information and Computation},
    VOLUME = {204},
      YEAR = {2006},
    NUMBER = {7},
     PAGES = {1139--1172},
      ISSN = {0890-5401},
   MRCLASS = {68Q65},
  MRNUMBER = {2236520},
MRREVIEWER = {Stephen L. Bloom},
       DOI = {10.1016/j.ic.2005.11.005},
       URL = {https://doi-org.colorado.idm.oclc.org/10.1016/j.ic.2005.11.005},
}
		
@article {MR2209264,
    AUTHOR = {Ad\'{a}mek, Ji\v{r}\'{i} and Sobral, Manuela and Sousa, Lurdes},
     TITLE = {Morita equivalence of many-sorted algebraic theories},
   JOURNAL = {J. Algebra},
  FJOURNAL = {Journal of Algebra},
    VOLUME = {297},
      YEAR = {2006},
    NUMBER = {2},
     PAGES = {361--371},
      ISSN = {0021-8693},
   MRCLASS = {18E10 (16D90 18C10)},
  MRNUMBER = {2209264},
MRREVIEWER = {Masahisa Sato},
       DOI = {10.1016/j.jalgebra.2006.01.014},
       URL = {https://doi-org.colorado.idm.oclc.org/10.1016/j.jalgebra.2006.01.014},
}
		
@article {MR2211426,
    AUTHOR = {Ad\'{a}mek, Ji\v{r}\'{i} and Trnkov\'{a}, V\v{e}ra},
     TITLE = {Birkhoff's variety theorem with and without free algebras},
   JOURNAL = {Theory Appl. Categ.},
  FJOURNAL = {Theory and Applications of Categories},
    VOLUME = {14},
      YEAR = {2005},
     PAGES = {no. 18, 424--450},
      ISSN = {1201-561X},
   MRCLASS = {18C10},
  MRNUMBER = {2211426},
}
		
@inproceedings {MR2207114,
    AUTHOR = {Ad\'{a}mek, Ji\v{r}\'{i} and Milius, Stefan and Velebil, Ji\v{r}\'{i}},
     TITLE = {Iterative algebras for a base},
 BOOKTITLE = {Proceedings of the 10th {C}onference on {C}ategory {T}heory in
              {C}omputer {S}cience ({CTCS} 2004)},
    SERIES = {Electron. Notes Theor. Comput. Sci.},
    VOLUME = {122},
     PAGES = {147--170},
 PUBLISHER = {Elsevier Sci. B. V., Amsterdam},
      YEAR = {2005},
   MRCLASS = {68Q65 (18C15 68Q55)},
  MRNUMBER = {2207114},
       DOI = {10.1016/j.entcs.2004.06.056},
       URL = {https://doi-org.colorado.idm.oclc.org/10.1016/j.entcs.2004.06.056},
}
		
@incollection {MR2205000,
    AUTHOR = {Ad\'{a}mek, J.},
     TITLE = {Algebra {$\cap$} coalgebra = presheaves},
 BOOKTITLE = {Algebra and coalgebra in computer science},
    SERIES = {Lecture Notes in Comput. Sci.},
    VOLUME = {3629},
     PAGES = {67--82},
 PUBLISHER = {Springer, Berlin},
      YEAR = {2005},
   MRCLASS = {18C20 (18F20 68Q45)},
  MRNUMBER = {2205000},
MRREVIEWER = {R. H. Street},
       DOI = {10.1007/11548133_5},
       URL = {https://doi-org.colorado.idm.oclc.org/10.1007/11548133_5},
}
		
@incollection {MR2200553,
    AUTHOR = {Ad\'{a}mek, Jiri},
     TITLE = {A logic of coequations},
 BOOKTITLE = {Computer science logic},
    SERIES = {Lecture Notes in Comput. Sci.},
    VOLUME = {3634},
     PAGES = {70--86},
 PUBLISHER = {Springer, Berlin},
      YEAR = {2005},
   MRCLASS = {03B70 (08B20 68Q55 68Q70)},
  MRNUMBER = {2200553},
       DOI = {10.1007/11538363_7},
       URL = {https://doi-org.colorado.idm.oclc.org/10.1007/11538363_7},
}
		
@article {MR2176888,
    AUTHOR = {Ad\'{a}mek, Ji\v{r}\'{i}},
     TITLE = {Birkhoff's covariety theorem without limitations},
   JOURNAL = {Comment. Math. Univ. Carolin.},
  FJOURNAL = {Commentationes Mathematicae Universitatis Carolinae},
    VOLUME = {46},
      YEAR = {2005},
    NUMBER = {2},
     PAGES = {197--215},
      ISSN = {0010-2628},
   MRCLASS = {18C10},
  MRNUMBER = {2176888},
}
		
@article {MR2156194,
    AUTHOR = {Ad\'{a}mek, Ji\v{r}\'{i}},
     TITLE = {Introduction to coalgebra},
   JOURNAL = {Theory Appl. Categ.},
  FJOURNAL = {Theory and Applications of Categories},
    VOLUME = {14},
      YEAR = {2005},
     PAGES = {No. 8, 157--199},
      ISSN = {1201-561X},
   MRCLASS = {68Q65 (18A40 18C20 18C35)},
  MRNUMBER = {2156194},
}
		
@article {MR2142924,
    AUTHOR = {Ad\'{a}mek, Ji\v{r}\'{i} and Milius, Stefan and Velebil, Ji\v{r}\'{i}},
     TITLE = {A general final coalgebra theorem},
   JOURNAL = {Math. Structures Comput. Sci.},
  FJOURNAL = {Mathematical Structures in Computer Science. A Journal in the
              Applications of Categorical, Algebraic and Geometric Methods
              in Computer Science},
    VOLUME = {15},
      YEAR = {2005},
    NUMBER = {3},
     PAGES = {409--432},
      ISSN = {0960-1295},
   MRCLASS = {18A35 (03E25 68Q65 68Q85)},
  MRNUMBER = {2142924},
MRREVIEWER = {Ioan Tofan},
       DOI = {10.1017/S0960129505004731},
       URL = {https://doi-org.colorado.idm.oclc.org/10.1017/S0960129505004731},
}
		
@inproceedings {MR2199863,
    AUTHOR = {Ad\'{a}mek, Ji\v{r}\'{i} and Milius, Stefan and Velebil, Ji\v{r}\'{i}},
     TITLE = {From iterative algebras to iterative theories (extended
              abstract)},
 BOOKTITLE = {Proceedings of the {W}orkshop on {C}oalgebraic {M}ethods in
              {C}omputer {S}cience},
    SERIES = {Electron. Notes Theor. Comput. Sci.},
    VOLUME = {106},
     PAGES = {3--24},
 PUBLISHER = {Elsevier Sci. B. V., Amsterdam},
      YEAR = {2004},
   MRCLASS = {68Q70},
  MRNUMBER = {2199863},
       DOI = {10.1016/j.entcs.2004.02.033},
       URL = {https://doi-org.colorado.idm.oclc.org/10.1016/j.entcs.2004.02.033},
}
		
@article {MR2108018,
    AUTHOR = {Ad\'{a}mek, Ji\v{r}\'{i}},
     TITLE = {On quasivarieties and varieties as categories},
   JOURNAL = {Studia Logica},
  FJOURNAL = {Studia Logica. An International Journal for Symbolic Logic},
    VOLUME = {78},
      YEAR = {2004},
    NUMBER = {1-2},
     PAGES = {7--33},
      ISSN = {0039-3215},
   MRCLASS = {08C15 (18A30)},
  MRNUMBER = {2108018},
MRREVIEWER = {H.-J. Hoehnke},
       DOI = {10.1007/s11225-005-7033-6},
       URL = {https://doi-org.colorado.idm.oclc.org/10.1007/s11225-005-7033-6},
}
		
@article {MR2099799,
    AUTHOR = {Ad\'{a}mek, J.},
     TITLE = {A categorical characterization of varieties},
   JOURNAL = {Algebra Universalis},
  FJOURNAL = {Algebra Universalis},
    VOLUME = {51},
      YEAR = {2004},
    NUMBER = {2-3},
     PAGES = {215--234},
      ISSN = {0002-5240},
   MRCLASS = {18C05 (08B99 18C10)},
  MRNUMBER = {2099799},
MRREVIEWER = {Michel H\'{e}bert},
       DOI = {10.1007/s00012-004-1859-z},
       URL = {https://doi-org.colorado.idm.oclc.org/10.1007/s00012-004-1859-z},
}
		
@article {MR2086721,
    AUTHOR = {Ad\'{a}mek, J. and Rosick\'{y}, J.},
     TITLE = {On pure quotients and pure subobjects},
   JOURNAL = {Czechoslovak Math. J.},
  FJOURNAL = {Czechoslovak Mathematical Journal},
    VOLUME = {54(129)},
      YEAR = {2004},
    NUMBER = {3},
     PAGES = {623--636},
      ISSN = {0011-4642},
   MRCLASS = {18A99 (18E99)},
  MRNUMBER = {2086721},
       DOI = {10.1007/s10587-004-6413-9},
       URL = {https://doi-org.colorado.idm.oclc.org/10.1007/s10587-004-6413-9},
}
		
@article {MR2074922,
    AUTHOR = {Ad\'{a}mek, Ji\v{r}\'{i} and Milius, Stefan and Velebil, Ji\v{r}\'{i}},
     TITLE = {On coalgebra based on classes},
   JOURNAL = {Theoret. Comput. Sci.},
  FJOURNAL = {Theoretical Computer Science},
    VOLUME = {316},
      YEAR = {2004},
    NUMBER = {1-3},
     PAGES = {3--23},
      ISSN = {0304-3975},
   MRCLASS = {18A15 (18C15 68Q65)},
  MRNUMBER = {2074922},
MRREVIEWER = {Peter Johnstone},
       DOI = {10.1016/j.tcs.2003.12.022},
       URL = {https://doi-org.colorado.idm.oclc.org/10.1016/j.tcs.2003.12.022},
}
		
@article {MR2058463,
    AUTHOR = {Ad\'{a}mek, Ji\v{r}\'{i} and Sousa, Lurdes},
     TITLE = {On reflective subcategories of varieties},
   JOURNAL = {J. Algebra},
  FJOURNAL = {Journal of Algebra},
    VOLUME = {276},
      YEAR = {2004},
    NUMBER = {2},
     PAGES = {685--705},
      ISSN = {0021-8693},
   MRCLASS = {18A40 (08C05 18B99 18C35)},
  MRNUMBER = {2058463},
MRREVIEWER = {Michel H\'{e}bert},
       DOI = {10.1016/j.jalgebra.2003.09.039},
       URL = {https://doi-org.colorado.idm.oclc.org/10.1016/j.jalgebra.2003.09.039},
}
		
@article {MR2030299,
    AUTHOR = {Ad\'{a}mek, J. and Porst, H.-E.},
     TITLE = {On tree coalgebras and coalgebra presentations},
   JOURNAL = {Theoret. Comput. Sci.},
  FJOURNAL = {Theoretical Computer Science},
    VOLUME = {311},
      YEAR = {2004},
    NUMBER = {1-3},
     PAGES = {257--283},
      ISSN = {0304-3975},
   MRCLASS = {68Q65 (18A22 18C35)},
  MRNUMBER = {2030299},
MRREVIEWER = {Peter Johnstone},
       DOI = {10.1016/S0304-3975(03)00378-5},
       URL = {https://doi-org.colorado.idm.oclc.org/10.1016/S0304-3975(03)00378-5},
}
		
@article {MR2028079,
    AUTHOR = {Ad\'{a}mek, J. and Rosick\'{y}, J.},
     TITLE = {Toward a characterization of algebraic exactness},
   JOURNAL = {J. Algebra},
  FJOURNAL = {Journal of Algebra},
    VOLUME = {272},
      YEAR = {2004},
    NUMBER = {2},
     PAGES = {730--738},
      ISSN = {0021-8693},
   MRCLASS = {18C05},
  MRNUMBER = {2028079},
MRREVIEWER = {A. Pultr},
       DOI = {10.1016/j.jalgebra.2003.06.009},
       URL = {https://doi-org.colorado.idm.oclc.org/10.1016/j.jalgebra.2003.06.009},
}
		
@article {MR2017649,
    AUTHOR = {Ad\'{a}mek, Ji\v{r}\'{i} and Milius, Stefan and Velebil, Ji\v{r}\'{i}},
     TITLE = {Some remarks on finitary and iterative monads},
   JOURNAL = {Appl. Categ. Structures},
  FJOURNAL = {Applied Categorical Structures. A Journal Devoted to
              Applications of Categorical Methods in Algebra, Analysis,
              Order, Topology and Computer Science},
    VOLUME = {11},
      YEAR = {2003},
    NUMBER = {6},
     PAGES = {521--541},
      ISSN = {0927-2852},
   MRCLASS = {18C15 (18C35)},
  MRNUMBER = {2017649},
       DOI = {10.1023/A:1026153529959},
       URL = {https://doi-org.colorado.idm.oclc.org/10.1023/A:1026153529959},
}
		
@article {MR1994643,
    AUTHOR = {Ad\'{a}mek, Ji\v{r}\'{i} and Milius, Stefan and Velebil, Ji\v{r}\'{i}},
     TITLE = {Free iterative theories: a coalgebraic view},
      NOTE = {Coalgebraic methods in computer science (Genova, 2001)},
   JOURNAL = {Math. Structures Comput. Sci.},
  FJOURNAL = {Mathematical Structures in Computer Science. A Journal in the
              Applications of Categorical, Algebraic and Geometric Methods
              in Computer Science},
    VOLUME = {13},
      YEAR = {2003},
    NUMBER = {2},
     PAGES = {259--320},
      ISSN = {0960-1295},
   MRCLASS = {18C50 (68Q55 68Q65)},
  MRNUMBER = {1994643},
       DOI = {10.1017/S0960129502003924},
       URL = {https://doi-org.colorado.idm.oclc.org/10.1017/S0960129502003924},
}
		
@article {MR1994641,
    AUTHOR = {Ad\'{a}mek, Ji\v{r}\'{i} and Porst, Hans-E.},
     TITLE = {On varieties and covarieties in a category},
      NOTE = {Coalgebraic methods in computer science (Genova, 2001)},
   JOURNAL = {Math. Structures Comput. Sci.},
  FJOURNAL = {Mathematical Structures in Computer Science. A Journal in the
              Applications of Categorical, Algebraic and Geometric Methods
              in Computer Science},
    VOLUME = {13},
      YEAR = {2003},
    NUMBER = {2},
     PAGES = {201--232},
      ISSN = {0960-1295},
   MRCLASS = {18C50 (03C05 68Q65)},
  MRNUMBER = {1994641},
       DOI = {10.1017/S0960129502003882},
       URL = {https://doi-org.colorado.idm.oclc.org/10.1017/S0960129502003882},
}
		
@article {MR1988399,
    AUTHOR = {Ad\'{a}mek, J. and Lawvere, F. W. and Rosick\'{y}, J.},
     TITLE = {Continuous categories revisited},
   JOURNAL = {Theory Appl. Categ.},
  FJOURNAL = {Theory and Applications of Categories},
    VOLUME = {11},
      YEAR = {2003},
     PAGES = {No. 11, 252--282},
      ISSN = {1201-561X},
   MRCLASS = {18A35 (06B35)},
  MRNUMBER = {1988399},
MRREVIEWER = {A. Pultr},
}
		
@article {MR1978611,
    AUTHOR = {Ad\'{a}mek, J. and Lawvere, F. W. and Rosick\'{y}, J.},
     TITLE = {On the duality between varieties and algebraic theories},
   JOURNAL = {Algebra Universalis},
  FJOURNAL = {Algebra Universalis},
    VOLUME = {49},
      YEAR = {2003},
    NUMBER = {1},
     PAGES = {35--49},
      ISSN = {0002-5240},
   MRCLASS = {18C10 (08B25)},
  MRNUMBER = {1978611},
MRREVIEWER = {Michel H\'{e}bert},
       DOI = {10.1007/s000120300002},
       URL = {https://doi-org.colorado.idm.oclc.org/10.1007/s000120300002},
}
		
@article {MR1977997,
    AUTHOR = {Ad\'{a}mek, Ji\v{r}\'{i} and Sousa, Lurdes},
     TITLE = {How accessible are categories of algebras?},
   JOURNAL = {J. Pure Appl. Algebra},
  FJOURNAL = {Journal of Pure and Applied Algebra},
    VOLUME = {182},
      YEAR = {2003},
    NUMBER = {1},
     PAGES = {1--15},
      ISSN = {0022-4049},
   MRCLASS = {18C35 (18A22)},
  MRNUMBER = {1977997},
MRREVIEWER = {Walter Tholen},
       DOI = {10.1016/S0022-4049(02)00328-6},
       URL = {https://doi-org.colorado.idm.oclc.org/10.1016/S0022-4049(02)00328-6},
}
		
@article {MR1976176,
    AUTHOR = {Aczel, Peter and Ad\'{a}mek, Ji\v{r}\'{i} and Milius, Stefan and Velebil,
              Ji\v{r}\'{i}},
     TITLE = {Infinite trees and completely iterative theories: a
              coalgebraic view},
   JOURNAL = {Theoret. Comput. Sci.},
  FJOURNAL = {Theoretical Computer Science},
    VOLUME = {300},
      YEAR = {2003},
    NUMBER = {1-3},
     PAGES = {1--45},
      ISSN = {0304-3975},
   MRCLASS = {18C15 (68Q65)},
  MRNUMBER = {1976176},
MRREVIEWER = {Manuel Ojeda-Aciego},
       DOI = {10.1016/S0304-3975(02)00728-4},
       URL = {https://doi-org.colorado.idm.oclc.org/10.1016/S0304-3975(02)00728-4},
}
		
@article {MR1963655,
    AUTHOR = {Ad\'{a}mek, Ji\v{r}\'{i}},
     TITLE = {On final coalgebras of continuous functors},
      NOTE = {Category theory and computer science},
   JOURNAL = {Theoret. Comput. Sci.},
  FJOURNAL = {Theoretical Computer Science},
    VOLUME = {294},
      YEAR = {2003},
    NUMBER = {1-2},
     PAGES = {3--29},
      ISSN = {0304-3975},
   MRCLASS = {68Q55 (18B30 68Q65)},
  MRNUMBER = {1963655},
MRREVIEWER = {Lawrence S. Moss},
       DOI = {10.1016/S0304-3975(01)00240-7},
       URL = {https://doi-org.colorado.idm.oclc.org/10.1016/S0304-3975(01)00240-7},
}
		
@article {MR1967087,
    AUTHOR = {Ad\'{a}mek, Ji\v{r}\'{i} and Herrlich, Horst and Rosick\'{y}, Ji\v{r}\'{i} and Tholen,
              Walter},
     TITLE = {Injective hulls are not natural},
   JOURNAL = {Algebra Universalis},
  FJOURNAL = {Algebra Universalis},
    VOLUME = {48},
      YEAR = {2002},
    NUMBER = {4},
     PAGES = {379--388},
      ISSN = {0002-5240},
   MRCLASS = {18G05 (06B23)},
  MRNUMBER = {1967087},
       DOI = {10.1007/s000120200006},
       URL = {https://doi-org.colorado.idm.oclc.org/10.1007/s000120200006},
}
		
@article {MR1935970,
    AUTHOR = {Ad\'{a}mek, Ji\v{r}\'{i} and Borceux, Francis and Lack, Stephen and
              Rosick\'{y}, Ji\v{r}\'{i}},
     TITLE = {A classification of accessible categories},
      NOTE = {Special volume celebrating the 70th birthday of Professor Max
              Kelly},
   JOURNAL = {J. Pure Appl. Algebra},
  FJOURNAL = {Journal of Pure and Applied Algebra},
    VOLUME = {175},
      YEAR = {2002},
    NUMBER = {1-3},
     PAGES = {7--30},
      ISSN = {0022-4049},
   MRCLASS = {18C35 (18A30 18A35 18C30)},
  MRNUMBER = {1935970},
MRREVIEWER = {R. H. Street},
       DOI = {10.1016/S0022-4049(02)00126-3},
       URL = {https://doi-org.colorado.idm.oclc.org/10.1016/S0022-4049(02)00126-3},
}
		
@article {MR1916156,
    AUTHOR = {Ad\'{a}mek, Ji\v{r}\'{i} and Herrlich, Horst and Rosick\'{y}, Ji\v{r}\'{i} and Tholen,
              Walter},
     TITLE = {Weak factorization systems and topological functors},
      NOTE = {Papers in honour of the seventieth birthday of Professor
              Heinrich Kleisli (Fribourg, 2000)},
   JOURNAL = {Appl. Categ. Structures},
  FJOURNAL = {Applied Categorical Structures. A Journal Devoted to
              Applications of Categorical Methods in Algebra, Analysis,
              Order, Topology and Computer Science},
    VOLUME = {10},
      YEAR = {2002},
    NUMBER = {3},
     PAGES = {237--249},
      ISSN = {0927-2852},
   MRCLASS = {18A22 (18A32 18B35)},
  MRNUMBER = {1916156},
MRREVIEWER = {Carsten Butz},
       DOI = {10.1023/A:1015270120061},
       URL = {https://doi-org.colorado.idm.oclc.org/10.1023/A:1015270120061},
}
		
@article {MR1913101,
    AUTHOR = {Ad\'{a}mek, J. and Herrlich, H. and Rosick\'{y}, J. and Tholen, W.},
     TITLE = {On a generalized small-object argument for the injective
              subcategory problem},
   JOURNAL = {Cah. Topol. G\'{e}om. Diff\'{e}r. Cat\'{e}g.},
  FJOURNAL = {Cahiers de Topologie et G\'{e}om\'{e}trie Diff\'{e}rentielle Cat\'{e}goriques},
    VOLUME = {43},
      YEAR = {2002},
    NUMBER = {2},
     PAGES = {83--106},
      ISSN = {1245-530X},
   MRCLASS = {18A32 (18A20 18G05)},
  MRNUMBER = {1913101},
MRREVIEWER = {Jin Zhong Xu},
}

@article {MR1902100,
    AUTHOR = {Ad\'{a}mek, J. and H\'{e}bert, M. and Rosick\'{y}, J.},
     TITLE = {On abstract data types presented by multiequations},
   JOURNAL = {Theoret. Comput. Sci.},
  FJOURNAL = {Theoretical Computer Science},
    VOLUME = {275},
      YEAR = {2002},
    NUMBER = {1-2},
     PAGES = {427--462},
      ISSN = {0304-3975},
   MRCLASS = {68Q65},
  MRNUMBER = {1902100},
MRREVIEWER = {Fabio Gadducci},
       DOI = {10.1016/S0304-3975(01)00189-X},
       URL = {https://doi-org.colorado.idm.oclc.org/10.1016/S0304-3975(01)00189-X},
}
		
@article {MR1900378,
    AUTHOR = {Ad\'{a}mek, Ji\v{r}\'{i}},
     TITLE = {Final coalgebras are ideal completions of initial algebras},
      NOTE = {Fixed points in computer science, 2000 (Paris)},
   JOURNAL = {J. Logic Comput.},
  FJOURNAL = {Journal of Logic and Computation},
    VOLUME = {12},
      YEAR = {2002},
    NUMBER = {2},
     PAGES = {217--242},
      ISSN = {0955-792X},
   MRCLASS = {18C10 (68Q65)},
  MRNUMBER = {1900378},
MRREVIEWER = {M. Barr},
       DOI = {10.1093/logcom/12.2.217},
       URL = {https://doi-org.colorado.idm.oclc.org/10.1093/logcom/12.2.217},
}
		
@article {MR1895512,
    AUTHOR = {Rosick\'{y}, J. and Ad\'{a}mek, J. and Borceux, F.},
     TITLE = {More on injectivity in locally presentable categories},
   JOURNAL = {Theory Appl. Categ.},
  FJOURNAL = {Theory and Applications of Categories},
    VOLUME = {10},
      YEAR = {2002},
     PAGES = {No. 7, 148--161},
      ISSN = {1201-561X},
   MRCLASS = {18C35},
  MRNUMBER = {1895512},
MRREVIEWER = {H. Herrlich},
}
		
@article {MR1879933,
    AUTHOR = {Velebil, Ji\v{r}\'{i} and Ad\'{a}mek, Ji\v{r}\'{i}},
     TITLE = {A remark on conservative cocompletions of categories},
   JOURNAL = {J. Pure Appl. Algebra},
  FJOURNAL = {Journal of Pure and Applied Algebra},
    VOLUME = {168},
      YEAR = {2002},
    NUMBER = {1},
     PAGES = {107--124},
      ISSN = {0022-4049},
   MRCLASS = {18A35 (18A40)},
  MRNUMBER = {1879933},
MRREVIEWER = {R. H. Street},
       DOI = {10.1016/S0022-4049(01)00051-2},
       URL = {https://doi-org.colorado.idm.oclc.org/10.1016/S0022-4049(01)00051-2},
}
		
@article {MR1870614,
    AUTHOR = {Ad\'{a}mek, Ji\v{r}\'{i} and El Bashir, Robert and Sobral, Manuela and
              Velebil, Ji\v{r}\'{i}},
     TITLE = {On functors which are lax epimorphisms},
   JOURNAL = {Theory Appl. Categ.},
  FJOURNAL = {Theory and Applications of Categories},
    VOLUME = {8},
      YEAR = {2001},
     PAGES = {509--521},
      ISSN = {1201-561X},
   MRCLASS = {18A20},
  MRNUMBER = {1870614},
MRREVIEWER = {Walter Tholen},
}
		
@article {MR1859036,
    AUTHOR = {Ad\'{a}mek, J. and Rosick\'{y}, J. and Vitale, E. M.},
     TITLE = {On algebraically exact categories and essential localizations
              of varieties},
   JOURNAL = {J. Algebra},
  FJOURNAL = {Journal of Algebra},
    VOLUME = {244},
      YEAR = {2001},
    NUMBER = {2},
     PAGES = {450--477},
      ISSN = {0021-8693},
   MRCLASS = {18D15},
  MRNUMBER = {1859036},
MRREVIEWER = {Pilar C. Carrasco},
       DOI = {10.1006/jabr.2000.8577},
       URL = {https://doi-org.colorado.idm.oclc.org/10.1006/jabr.2000.8577},
}
		
@article {MR1847373,
    AUTHOR = {Ad\'{a}mek, Ji\v{r}\'{i} and Rosick\'{y}, Ji\v{r}\'{i}},
     TITLE = {On multivarieties and multialgebraic categories},
   JOURNAL = {J. Pure Appl. Algebra},
  FJOURNAL = {Journal of Pure and Applied Algebra},
    VOLUME = {163},
      YEAR = {2001},
    NUMBER = {1},
     PAGES = {1--17},
      ISSN = {0022-4049},
   MRCLASS = {18C05 (08A70 08C05 18C10 18C30)},
  MRNUMBER = {1847373},
MRREVIEWER = {Michel H\'{e}bert},
       DOI = {10.1016/S0022-4049(01)00015-9},
       URL = {https://doi-org.colorado.idm.oclc.org/10.1016/S0022-4049(01)00015-9},
}
		
@article {MR1847037,
    AUTHOR = {Ad\'{a}mek, J. and Koubek, V. and Trnkov\'{a}, V.},
     TITLE = {How large are left exact functors?},
   JOURNAL = {Theory Appl. Categ.},
  FJOURNAL = {Theory and Applications of Categories},
    VOLUME = {8},
      YEAR = {2001},
     PAGES = {No. 13, 377--390},
      ISSN = {1201-561X},
   MRCLASS = {18A22 (03E35 03E55 18A15 18A35 18B05)},
  MRNUMBER = {1847037},
MRREVIEWER = {Andreas Blass},
}
		
@article {MR1825435,
    AUTHOR = {Ad\'{a}mek, J. and Lawvere, F. W. and Rosick\'{y}, J.},
     TITLE = {How algebraic is algebra?},
   JOURNAL = {Theory Appl. Categ.},
  FJOURNAL = {Theory and Applications of Categories},
    VOLUME = {8},
      YEAR = {2001},
     PAGES = {253--283},
      ISSN = {1201-561X},
   MRCLASS = {18C10 (18A40 18C15 18D05)},
  MRNUMBER = {1825435},
MRREVIEWER = {H.-J. Hoehnke},
}
		
@article {MR1820765,
    AUTHOR = {Hebert, M. and Adamek, J. and Rosick\'{y}, J.},
     TITLE = {More on orthogonality in locally presentable categories},
   JOURNAL = {Cahiers Topologie G\'{e}om. Diff\'{e}rentielle Cat\'{e}g.},
  FJOURNAL = {Cahiers de Topologie et G\'{e}om\'{e}trie Diff\'{e}rentielle Cat\'{e}goriques},
    VOLUME = {42},
      YEAR = {2001},
    NUMBER = {1},
     PAGES = {51--80},
      ISSN = {0008-0004},
   MRCLASS = {18C35},
  MRNUMBER = {1820765},
}
		
@article {MR1815045,
    AUTHOR = {Ad\'{a}mek, J. and Rosick\'{y}, J.},
     TITLE = {On sifted colimits and generalized varieties},
   JOURNAL = {Theory Appl. Categ.},
  FJOURNAL = {Theory and Applications of Categories},
    VOLUME = {8},
      YEAR = {2001},
     PAGES = {33--53},
      ISSN = {1201-561X},
   MRCLASS = {18A30 (08B05)},
  MRNUMBER = {1815045},
MRREVIEWER = {R. H. Street},
}
		
@article {MR1813217,
    AUTHOR = {Ad\'{a}mek, J. and Sousa, L.},
     TITLE = {Constructions of solid hulls},
   JOURNAL = {Appl. Categ. Structures},
  FJOURNAL = {Applied Categorical Structures. A Journal Devoted to
              Applications of Categorical Methods in Algebra, Analysis,
              Order, Topology and Computer Science},
    VOLUME = {9},
      YEAR = {2001},
    NUMBER = {1},
     PAGES = {1--13},
      ISSN = {0927-2852},
   MRCLASS = {18A40 (18B30 18E15 54B30)},
  MRNUMBER = {1813217},
       DOI = {10.1023/A:1008712718249},
       URL = {https://doi-org.colorado.idm.oclc.org/10.1023/A:1008712718249},
}
		
@article {MR1799499,
    AUTHOR = {Ad\'{a}mek, Ji\v{r}\'{i} and Borceux, Francis},
     TITLE = {Morita equivalence of sketches},
      NOTE = {Dedicated to Professor H. Herrlich on the occasion of his
              sixtieth birthday},
   JOURNAL = {Appl. Categ. Structures},
  FJOURNAL = {Applied Categorical Structures. A Journal Devoted to
              Applications of Categorical Methods in Algebra, Analysis,
              Order, Topology and Computer Science},
    VOLUME = {8},
      YEAR = {2000},
    NUMBER = {3},
     PAGES = {503--517},
      ISSN = {0927-2852},
   MRCLASS = {18C10},
  MRNUMBER = {1799499},
       DOI = {10.1023/A:1008735511095},
       URL = {https://doi-org.colorado.idm.oclc.org/10.1023/A:1008735511095},
}
		
@article {MR1795083,
    AUTHOR = {Ad\'{a}mek, Ji\v{r}\'{i} and Koubek, V\'{a}clav and Velebil, Ji\v{r}\'{i}},
     TITLE = {A duality between infinitary varieties and algebraic theories},
   JOURNAL = {Comment. Math. Univ. Carolin.},
  FJOURNAL = {Commentationes Mathematicae Universitatis Carolinae},
    VOLUME = {41},
      YEAR = {2000},
    NUMBER = {3},
     PAGES = {529--541},
      ISSN = {0010-2628},
   MRCLASS = {18C10 (18A30)},
  MRNUMBER = {1795083},
MRREVIEWER = {Walter Tholen},
}
		
@article {MR1766392,
    AUTHOR = {Ad\'{a}mek, J. and Kelly, G. M.},
     TITLE = {{$\scr M$}-completeness is seldom monadic over graphs},
   JOURNAL = {Theory Appl. Categ.},
  FJOURNAL = {Theory and Applications of Categories},
    VOLUME = {7},
      YEAR = {2000},
     PAGES = {No. 8, 171--205},
      ISSN = {1201-561X},
   MRCLASS = {18A35 (18A10 18C15)},
  MRNUMBER = {1766392},
MRREVIEWER = {M. Barr},
}
		
@article {MR1756923,
    AUTHOR = {Ad\'{a}mek, Ji\v{r}\'{i} and Sousa, Lurdes and Tholen, Walter},
     TITLE = {Totality of product completions},
   JOURNAL = {Comment. Math. Univ. Carolin.},
  FJOURNAL = {Commentationes Mathematicae Universitatis Carolinae},
    VOLUME = {41},
      YEAR = {2000},
    NUMBER = {1},
     PAGES = {9--24},
      ISSN = {0010-2628},
   MRCLASS = {18A05 (18A22 18A40)},
  MRNUMBER = {1756923},
MRREVIEWER = {R. H. Street},
}
		
@article {MR1699341,
    AUTHOR = {Ad\'{a}mek, J. and H\'{e}bert, M. and Rosick\'{y}, J.},
     TITLE = {On essentially algebraic theories and their generalizations},
   JOURNAL = {Algebra Universalis},
  FJOURNAL = {Algebra Universalis},
    VOLUME = {41},
      YEAR = {1999},
    NUMBER = {3},
     PAGES = {213--227},
      ISSN = {0002-5240},
   MRCLASS = {18C10},
  MRNUMBER = {1699341},
MRREVIEWER = {R. H. Street},
       DOI = {10.1007/s000120050111},
       URL = {https://doi-org.colorado.idm.oclc.org/10.1007/s000120050111},
}
		
@article {MR1655458,
    AUTHOR = {Ad\'{a}mek, Ji\v{r}\'{i} and Porst, Hans-E.},
     TITLE = {Algebraic theories of quasivarieties},
   JOURNAL = {J. Algebra},
  FJOURNAL = {Journal of Algebra},
    VOLUME = {208},
      YEAR = {1998},
    NUMBER = {2},
     PAGES = {379--398},
      ISSN = {0021-8693},
   MRCLASS = {18D15 (08C15)},
  MRNUMBER = {1655458},
MRREVIEWER = {H.-J. Hoehnke},
       DOI = {10.1006/jabr.1998.7499},
       URL = {https://doi-org.colorado.idm.oclc.org/10.1006/jabr.1998.7499},
}
		
@article {MR1486317,
    AUTHOR = {Ad\'{a}mek, Ji\v{r}\'{i}},
     TITLE = {A categorical generalization of {S}cott domains},
      NOTE = {Logic, domains, and programming languages (Darmstadt, 1995)},
   JOURNAL = {Math. Structures Comput. Sci.},
  FJOURNAL = {Mathematical Structures in Computer Science. A Journal in the
              Applications of Categorical, Algebraic and Geometric Methods
              in Computer Science},
    VOLUME = {7},
      YEAR = {1997},
    NUMBER = {5},
     PAGES = {419--443},
      ISSN = {0960-1295},
   MRCLASS = {68Q55 (03G30 18B99)},
  MRNUMBER = {1486317},
MRREVIEWER = {Guo-Qiang Zhang},
       DOI = {10.1017/S0960129597002351},
       URL = {https://doi-org.colorado.idm.oclc.org/10.1017/S0960129597002351},
}
		
@article {MR1474566,
    AUTHOR = {Adamek, J. and Pedicchio, M.-C.},
     TITLE = {A remark on topological spaces, grids, and topological
              systems},
   JOURNAL = {Cahiers Topologie G\'{e}om. Diff\'{e}rentielle Cat\'{e}g.},
  FJOURNAL = {Cahiers de Topologie et G\'{e}om\'{e}trie Diff\'{e}rentielle Cat\'{e}goriques},
    VOLUME = {38},
      YEAR = {1997},
    NUMBER = {3},
     PAGES = {217--226},
      ISSN = {0008-0004},
   MRCLASS = {18C05 (18B30 54B30)},
  MRNUMBER = {1474566},
MRREVIEWER = {M. Barr},
}
		
@article {MR1472119,
    AUTHOR = {Ad\'{a}mek, J. and Johnstone, P. T. and Makowsky, J. A. and
              Rosick\'{y}, J.},
     TITLE = {Finitary sketches},
   JOURNAL = {J. Symbolic Logic},
  FJOURNAL = {The Journal of Symbolic Logic},
    VOLUME = {62},
      YEAR = {1997},
    NUMBER = {3},
     PAGES = {699--707},
      ISSN = {0022-4812},
   MRCLASS = {03G30 (03C75 03C95 18C10 68Q65)},
  MRNUMBER = {1472119},
MRREVIEWER = {Leo Esakia},
       DOI = {10.2307/2275568},
       URL = {https://doi-org.colorado.idm.oclc.org/10.2307/2275568},
}
		
@article {MR1455486,
    AUTHOR = {Ad\'{a}mek, J. and Rosick\'{y}, J.},
     TITLE = {Apology: ``{A} remark on accessible and axiomatizable
              categories'' [{C}omment. {M}ath. {U}niv. {C}arolin. {\bf 37}
              (1996), no. 2, 411--414; {MR}1399015 (98i:18001)]},
   JOURNAL = {Comment. Math. Univ. Carolin.},
  FJOURNAL = {Commentationes Mathematicae Universitatis Carolinae},
    VOLUME = {38},
      YEAR = {1997},
    NUMBER = {1},
     PAGES = {203},
      ISSN = {0010-2628},
   MRCLASS = {18B99},
  MRNUMBER = {1455486},
}
		
@article {MR1437610,
    AUTHOR = {Ad\'{a}mek, Ji\v{r}\'{i} and Rosick\'{y}, Ji\v{r}\'{i}},
     TITLE = {Finite models of sketches},
      NOTE = {Special volume on the occasion of the 60th birthday of
              Professor Peter J. Freyd},
   JOURNAL = {J. Pure Appl. Algebra},
  FJOURNAL = {Journal of Pure and Applied Algebra},
    VOLUME = {116},
      YEAR = {1997},
    NUMBER = {1-3},
     PAGES = {3--23},
      ISSN = {0022-4049},
   MRCLASS = {18C99 (03C13)},
  MRNUMBER = {1437610},
       DOI = {10.1016/S0022-4049(96)00159-4},
       URL = {https://doi-org.colorado.idm.oclc.org/10.1016/S0022-4049(96)00159-4},
}
		
@article {MR1419718,
    AUTHOR = {Ad\'{a}mek, Ji\v{r}\'{i}},
     TITLE = {How to sketch quasivarieties},
   JOURNAL = {J. Algebra},
  FJOURNAL = {Journal of Algebra},
    VOLUME = {185},
      YEAR = {1996},
    NUMBER = {3},
     PAGES = {643--659},
      ISSN = {0021-8693},
   MRCLASS = {03C05 (08C15 18B99)},
  MRNUMBER = {1419718},
       DOI = {10.1006/jabr.1996.0345},
       URL = {https://doi-org.colorado.idm.oclc.org/10.1006/jabr.1996.0345},
}
		
@article {MR1406100,
    AUTHOR = {Ad\'{a}mek, Ji\v{r}\'{i} and Rosick\'{y}, Ji\v{r}\'{i}},
     TITLE = {On geometric and finitary sketches},
      NOTE = {The European Colloquium of Category Theory (Tours, 1994)},
   JOURNAL = {Appl. Categ. Structures},
  FJOURNAL = {Applied Categorical Structures. A Journal Devoted to
              Applications of Categorical Methods in Algebra, Analysis,
              Order, Topology and Computer Science},
    VOLUME = {4},
      YEAR = {1996},
    NUMBER = {2-3},
     PAGES = {227--240},
      ISSN = {0927-2852},
   MRCLASS = {18B99},
  MRNUMBER = {1406100},
       DOI = {10.1007/BF00122254},
       URL = {https://doi-org.colorado.idm.oclc.org/10.1007/BF00122254},
}
		
@article {MR1399320,
    AUTHOR = {Ad\'{a}mek, Ji\v{r}\'{i} and Rosick\'{y}, Ji\v{r}\'{i}},
     TITLE = {An algebraic description of locally multipresentable
              categories},
   JOURNAL = {Theory Appl. Categ.},
  FJOURNAL = {Theory and Applications of Categories},
    VOLUME = {2},
      YEAR = {1996},
     PAGES = {No. 4, 40--54},
      ISSN = {1201-561X},
   MRCLASS = {18C99},
  MRNUMBER = {1399320},
}
		
@article {MR1399015,
    AUTHOR = {Ad\'{a}mek, Ji\v{r}\'{i} and Rosick\'{y}, Ji\v{r}\'{i}},
     TITLE = {A remark on accessible and axiomatizable categories},
   JOURNAL = {Comment. Math. Univ. Carolin.},
  FJOURNAL = {Commentationes Mathematicae Universitatis Carolinae},
    VOLUME = {37},
      YEAR = {1996},
    NUMBER = {2},
     PAGES = {411--414},
      ISSN = {0010-2628},
   MRCLASS = {18B99},
  MRNUMBER = {1399015},
}
		
@article {MR1393968,
    AUTHOR = {Ad\'{a}mek, Ji\v{r}\'{i}},
     TITLE = {A remark on fixed points of functors in topological
              categories},
      NOTE = {Categorical topology (L'Aquila, 1994)},
   JOURNAL = {Appl. Categ. Structures},
  FJOURNAL = {Applied Categorical Structures. A Journal Devoted to
              Applications of Categorical Methods in Algebra, Analysis,
              Order, Topology and Computer Science},
    VOLUME = {4},
      YEAR = {1996},
    NUMBER = {1},
     PAGES = {121--126},
      ISSN = {0927-2852},
   MRCLASS = {18B30 (18A22 54B30 68Q65)},
  MRNUMBER = {1393968},
MRREVIEWER = {M. Hu\v{s}ek},
       DOI = {10.1007/BF00124120},
       URL = {https://doi-org.colorado.idm.oclc.org/10.1007/BF00124120},
}
		
@article {MR1377651,
    AUTHOR = {Ad\'{a}mek, J. and Hu, H. and Tholen, W.},
     TITLE = {On pure morphisms in accessible categories},
   JOURNAL = {J. Pure Appl. Algebra},
  FJOURNAL = {Journal of Pure and Applied Algebra},
    VOLUME = {107},
      YEAR = {1996},
    NUMBER = {1},
     PAGES = {1--8},
      ISSN = {0022-4049},
   MRCLASS = {18A20},
  MRNUMBER = {1377651},
       DOI = {10.1016/0022-4049(95)00037-2},
       URL = {https://doi-org.colorado.idm.oclc.org/10.1016/0022-4049(95)00037-2},
}
		
@article {MR1368911,
    AUTHOR = {Ad\'{a}mek, Ji\v{r}\'{i} and Nelson, Evelyn and Reiterman, Jan},
     TITLE = {Continuous algebras revisited},
      NOTE = {24th Annual ACM Symposium on the Theory of Computing
              (Victoria, BC, 1992)},
   JOURNAL = {J. Comput. System Sci.},
  FJOURNAL = {Journal of Computer and System Sciences},
    VOLUME = {51},
      YEAR = {1995},
    NUMBER = {3},
     PAGES = {460--471},
      ISSN = {0022-0000},
   MRCLASS = {08B20 (06B35 68Q55)},
  MRNUMBER = {1368911},
MRREVIEWER = {S. Comer},
       DOI = {10.1006/jcss.1995.1082},
       URL = {https://doi-org.colorado.idm.oclc.org/10.1006/jcss.1995.1082},
}
		
@article {MR1367868,
    AUTHOR = {Ad\'{a}mek, J. and Rosick\'{y}, J.},
     TITLE = {On preaccessible categories},
   JOURNAL = {J. Pure Appl. Algebra},
  FJOURNAL = {Journal of Pure and Applied Algebra},
    VOLUME = {105},
      YEAR = {1995},
    NUMBER = {3},
     PAGES = {225--232},
      ISSN = {0022-4049},
   MRCLASS = {18A99},
  MRNUMBER = {1367868},
MRREVIEWER = {Horst Reichel},
       DOI = {10.1016/0022-4049(94)00152-9},
       URL = {https://doi-org.colorado.idm.oclc.org/10.1016/0022-4049(94)00152-9},
}
		
@article {MR1361603,
    AUTHOR = {Ad\'{a}mek, Ji\v{r}\'{i} and Rosick\'{y}, Ji\v{r}\'{i}},
     TITLE = {Finitary sketches and finitely accessible categories},
   JOURNAL = {Math. Structures Comput. Sci.},
  FJOURNAL = {Mathematical Structures in Computer Science. A Journal in the
              Applications of Categorical, Algebraic and Geometric Methods
              in Computer Science},
    VOLUME = {5},
      YEAR = {1995},
    NUMBER = {3},
     PAGES = {315--322},
      ISSN = {0960-1295},
   MRCLASS = {03G30 (03C75 18A15)},
  MRNUMBER = {1361603},
MRREVIEWER = {M. Makkai},
       DOI = {10.1017/S0960129500000773},
       URL = {https://doi-org.colorado.idm.oclc.org/10.1017/S0960129500000773},
}
		
@article {MR1357120,
    AUTHOR = {Ad\'{a}mek, Ji\v{r}\'{i} and Koubek, V\'{a}clav},
     TITLE = {On the greatest fixed point of a set functor},
   JOURNAL = {Theoret. Comput. Sci.},
  FJOURNAL = {Theoretical Computer Science},
    VOLUME = {150},
      YEAR = {1995},
    NUMBER = {1},
     PAGES = {57--75},
      ISSN = {0304-3975},
   MRCLASS = {68Q55 (03E50 18A35 18B05 68Q65)},
  MRNUMBER = {1357120},
MRREVIEWER = {J. Robin R. Cockett},
       DOI = {10.1016/0304-3975(95)00011-K},
       URL = {https://doi-org.colorado.idm.oclc.org/10.1016/0304-3975(95)00011-K},
}
		
@article {MR1331723,
    AUTHOR = {Ad\'{a}mek, Ji\v{r}\'{i}},
     TITLE = {Recursive data types in algebraically {$\omega$}-complete
              categories},
   JOURNAL = {Inform. and Comput.},
  FJOURNAL = {Information and Computation},
    VOLUME = {118},
      YEAR = {1995},
    NUMBER = {2},
     PAGES = {181--190},
      ISSN = {0890-5401},
   MRCLASS = {68Q65},
  MRNUMBER = {1331723},
       DOI = {10.1006/inco.1995.1061},
       URL = {https://doi-org.colorado.idm.oclc.org/10.1006/inco.1995.1061},
}
		
@article {MR1295116,
    AUTHOR = {Ad\'{a}mek, J. and Rosick\'{y}, J.},
     TITLE = {Weakly locally presentable categories},
   JOURNAL = {Cahiers Topologie G\'{e}om. Diff\'{e}rentielle Cat\'{e}g.},
  FJOURNAL = {Cahiers de Topologie et G\'{e}om\'{e}trie Diff\'{e}rentielle Cat\'{e}goriques},
    VOLUME = {35},
      YEAR = {1994},
    NUMBER = {3},
     PAGES = {179--186},
      ISSN = {0008-0004},
   MRCLASS = {18A25 (18A35 18B15)},
  MRNUMBER = {1295116},
MRREVIEWER = {H. Herrlich},
}
		
@book {MR1294136,
    AUTHOR = {Ad\'{a}mek, Ji\v{r}\'{i} and Rosick\'{y}, Ji\v{r}\'{i}},
     TITLE = {Locally presentable and accessible categories},
    SERIES = {London Mathematical Society Lecture Note Series},
    VOLUME = {189},
 PUBLISHER = {Cambridge University Press, Cambridge},
      YEAR = {1994},
     PAGES = {xiv+316},
      ISBN = {0-521-42261-2},
   MRCLASS = {18Axx (18-02)},
  MRNUMBER = {1294136},
MRREVIEWER = {J. R. Isbell},
       DOI = {10.1017/CBO9780511600579},
       URL = {https://doi-org.colorado.idm.oclc.org/10.1017/CBO9780511600579},
}
		
@article {MR1293252,
    AUTHOR = {Ad\'{a}mek, Ji\v{r}\'{i} and Kat\v{e}tov, Miroslav},
     TITLE = {V\v{e}ra {T}rnkov\'{a}'s unbelievable {$60$}},
   JOURNAL = {Math. Bohem.},
  FJOURNAL = {Academy of Sciences of the Czech Republic. Mathematical
              Institute. Mathematica Bohemica},
    VOLUME = {119},
      YEAR = {1994},
    NUMBER = {2},
     PAGES = {216--224},
      ISSN = {0862-7959},
   MRCLASS = {01A70},
  MRNUMBER = {1293252},
}
		
@article {MR1283215,
    AUTHOR = {Ad\'{a}mek, J. and Reiterman, J.},
     TITLE = {Banach's fixed-point theorem as a base for data-type
              equations},
   JOURNAL = {Appl. Categ. Structures},
  FJOURNAL = {Applied Categorical Structures. A Journal Devoted to
              Applications of Categorical Methods in Algebra, Analysis,
              Order, Topology and Computer Science},
    VOLUME = {2},
      YEAR = {1994},
    NUMBER = {1},
     PAGES = {77--90},
      ISSN = {0927-2852},
   MRCLASS = {68Q65 (18D20)},
  MRNUMBER = {1283215},
MRREVIEWER = {Horst Reichel},
       DOI = {10.1007/BF00878504},
       URL = {https://doi-org.colorado.idm.oclc.org/10.1007/BF00878504},
}
		
@article {MR1261550,
    AUTHOR = {Ad\'{a}mek, J.},
     TITLE = {Existence and nonexistence of regular generators},
   JOURNAL = {Canad. Math. Bull.},
  FJOURNAL = {Canadian Mathematical Bulletin. Bulletin Canadien de
              Math\'{e}matiques},
    VOLUME = {37},
      YEAR = {1994},
    NUMBER = {1},
     PAGES = {3--7},
      ISSN = {0008-4395},
   MRCLASS = {18A35 (18A20 18A40)},
  MRNUMBER = {1261550},
MRREVIEWER = {Walter Tholen},
       DOI = {10.4153/CMB-1994-001-9},
       URL = {https://doi-org.colorado.idm.oclc.org/10.4153/CMB-1994-001-9},
}
		
@article {MR1239465,
    AUTHOR = {Ad\'{a}mek, Ji\v{r}\'{i}},
     TITLE = {A farewell to {J}an {R}eiterman},
   JOURNAL = {Cahiers Topologie G\'{e}om. Diff\'{e}rentielle Cat\'{e}g.},
  FJOURNAL = {Cahiers de Topologie et G\'{e}om\'{e}trie Diff\'{e}rentielle Cat\'{e}goriques},
    VOLUME = {34},
      YEAR = {1993},
    NUMBER = {3},
     PAGES = {162--166},
      ISSN = {0008-0004},
   MRCLASS = {01A70},
  MRNUMBER = {1239465},
}
		
@article {MR1232378,
    AUTHOR = {Ad\'{a}mek, Ji\v{r}\'{i}},
     TITLE = {Farewell to {J}an {R}eiterman},
   JOURNAL = {Pokroky Mat. Fyz. Astronom.},
  FJOURNAL = {Pokroky Matematiky Fyziky \& Astronomie},
    VOLUME = {38},
      YEAR = {1993},
    NUMBER = {2},
     PAGES = {111--113},
      ISSN = {0032-2423},
   MRCLASS = {01A70},
  MRNUMBER = {1232378},
}
		
@article {MR1223487,
    AUTHOR = {Ad\'{a}mek, Ji\v{r}\'{i}},
     TITLE = {A farewell to {J}an {R}eiterman},
   JOURNAL = {Math. Bohem.},
  FJOURNAL = {Academy of Sciences of the Czech Republic. Mathematical
              Institute. Mathematica Bohemica},
    VOLUME = {118},
      YEAR = {1993},
    NUMBER = {2},
     PAGES = {219--223},
      ISSN = {0862-7959},
   MRCLASS = {01A70},
  MRNUMBER = {1223487},
}
		
@article {MR1085935,
    AUTHOR = {Ad\'{a}mek, Ji\v{r}\'{i} and Rosick\'{y}, Ji\v{r}\'{i}},
     TITLE = {On injectivity in locally presentable categories},
   JOURNAL = {Trans. Amer. Math. Soc.},
  FJOURNAL = {Transactions of the American Mathematical Society},
    VOLUME = {336},
      YEAR = {1993},
    NUMBER = {2},
     PAGES = {785--804},
      ISSN = {0002-9947},
   MRCLASS = {18A99 (18A35 18B30 20K40)},
  MRNUMBER = {1085935},
MRREVIEWER = {Walter Tholen},
       DOI = {10.2307/2154375},
       URL = {https://doi-org.colorado.idm.oclc.org/10.2307/2154375},
}
		
@article {MR1240190,
    AUTHOR = {Ad\'{a}mek, Ji\v{r}\'{i} and Reiterman, Jan},
     TITLE = {The category of uniform spaces as a completion of the category
              of metric spaces},
   JOURNAL = {Comment. Math. Univ. Carolin.},
  FJOURNAL = {Commentationes Mathematicae Universitatis Carolinae},
    VOLUME = {33},
      YEAR = {1992},
    NUMBER = {4},
     PAGES = {689--693},
      ISSN = {0010-2628},
   MRCLASS = {18A35 (18A32 54B30 54E15 54E35)},
  MRNUMBER = {1240190},
MRREVIEWER = {D. Pumpl\"{u}n},
}
		
@article {MR1200421,
    AUTHOR = {Ad\'{a}mek, Ji\v{r}\'{i} and Reiterman, Jan},
     TITLE = {A correction: ``{T}he quasitopos hull of the category of
              uniform spaces'' [{T}opology {A}ppl. {\bf 27} (1987), no. 2,
              97--104; {MR}0911684 (88j:54014)]},
   JOURNAL = {Topology Appl.},
  FJOURNAL = {Topology and its Applications},
    VOLUME = {48},
      YEAR = {1992},
    NUMBER = {3},
     PAGES = {179--184},
      ISSN = {0166-8641},
   MRCLASS = {54B30 (18B25 18B30)},
  MRNUMBER = {1200421},
       DOI = {10.1016/0166-8641(92)90140-U},
       URL = {https://doi-org.colorado.idm.oclc.org/10.1016/0166-8641(92)90140-U},
}
		
@article {MR1189836,
    AUTHOR = {Ad\'{a}mek, J. and Rosick\'{y}, J.},
     TITLE = {On orthogonal subcategories of locally presentable categories},
      NOTE = {Topological, algebraical and combinatorial structures.
              Frol\'{i}k's memorial volume},
   JOURNAL = {Discrete Math.},
  FJOURNAL = {Discrete Mathematics},
    VOLUME = {108},
      YEAR = {1992},
    NUMBER = {1-3},
     PAGES = {133--137},
      ISSN = {0012-365X},
   MRCLASS = {18A35},
  MRNUMBER = {1189836},
       DOI = {10.1016/0012-365X(92)90667-5},
       URL = {https://doi-org.colorado.idm.oclc.org/10.1016/0012-365X(92)90667-5},
}
		
@incollection {MR1173001,
    AUTHOR = {Ad\'{a}mek, Ji\v{r}\'{i} and Rosick\'{y}, Ji\v{r}\'{i}},
     TITLE = {What are locally generated categories?},
 BOOKTITLE = {Category theory ({C}omo, 1990)},
    SERIES = {Lecture Notes in Math.},
    VOLUME = {1488},
     PAGES = {14--19},
 PUBLISHER = {Springer, Berlin},
      YEAR = {1991},
   MRCLASS = {18A20 (18A25)},
  MRNUMBER = {1173001},
MRREVIEWER = {H. Herrlich},
       DOI = {10.1007/BFb0084209},
       URL = {https://doi-org.colorado.idm.oclc.org/10.1007/BFb0084209},
}
		
@article {MR1126601,
    AUTHOR = {Ad\'{a}mek, J. and Reiterman, J. and Schwarz, F.},
     TITLE = {On universally topological hulls and quasitopos hulls},
   JOURNAL = {Houston J. Math.},
  FJOURNAL = {Houston Journal of Mathematics},
    VOLUME = {17},
      YEAR = {1991},
    NUMBER = {3},
     PAGES = {375--383},
      ISSN = {0362-1588},
   MRCLASS = {18B25 (18A40 18B15 18D30)},
  MRNUMBER = {1126601},
MRREVIEWER = {Y. T. Rhineghost},
}
		
@book {MR1107513,
    AUTHOR = {Ad\'{a}mek, Ji\v{r}\'{i}},
     TITLE = {Foundations of coding},
    SERIES = {A Wiley-Interscience Publication},
      NOTE = {Theory and applications of error-correcting codes with an
              introduction to cryptography and information theory},
 PUBLISHER = {John Wiley \& Sons, Ltd., Chichester},
      YEAR = {1991},
     PAGES = {xvi+336},
      ISBN = {0-471-62187-0},
   MRCLASS = {94-01 (94A60 94Bxx)},
  MRNUMBER = {1107513},
MRREVIEWER = {Stefan Dodunekov},
       DOI = {10.1002/9781118033265},
       URL = {https://doi-org.colorado.idm.oclc.org/10.1002/9781118033265},
}
		
@article {MR1097075,
    AUTHOR = {Ad\'{a}mek, Ji\v{r}\'{i}},
     TITLE = {Corrigendum: ``{H}ow complete are categories of algebras?''
              [{B}ull. {A}ustral. {M}ath. {S}oc. {\bf 36} (1987), no. 3,
              389--409; {MR}0923821 (89a:18010)]},
   JOURNAL = {Bull. Austral. Math. Soc.},
  FJOURNAL = {Bulletin of the Australian Mathematical Society},
    VOLUME = {43},
      YEAR = {1991},
    NUMBER = {2},
     PAGES = {351},
      ISSN = {0004-9727},
   MRCLASS = {18C15 (18A35)},
  MRNUMBER = {1097075},
       DOI = {10.1017/S0004972700029166},
       URL = {https://doi-org.colorado.idm.oclc.org/10.1017/S0004972700029166},
}
		
@article {MR1108196,
    AUTHOR = {Ad\'{a}mek, Ji\v{r}\'{i}},
     TITLE = {On quasitopos hulls of topological categories},
      NOTE = {Fourth Conference on Topology (Italian) (Sorrento, 1988)},
   JOURNAL = {Rend. Circ. Mat. Palermo (2) Suppl.},
  FJOURNAL = {Rendiconti del Circolo Matematico di Palermo. Serie II.
              Supplemento},
    NUMBER = {24},
      YEAR = {1990},
     PAGES = {21--33},
      ISSN = {1592-9531},
   MRCLASS = {54B30 (18B15 18B25 54E99)},
  MRNUMBER = {1108196},
MRREVIEWER = {H. Herrlich},
}
		
@article {MR1082775,
    AUTHOR = {Ad\'{a}mek, J. and Herrlich, H.},
     TITLE = {A characterization of concrete quasitopoi by injectivity},
      NOTE = {Special issue in honor of B. Banaschewski},
   JOURNAL = {J. Pure Appl. Algebra},
  FJOURNAL = {Journal of Pure and Applied Algebra},
    VOLUME = {68},
      YEAR = {1990},
    NUMBER = {1-2},
     PAGES = {1--9},
      ISSN = {0022-4049},
   MRCLASS = {18B25},
  MRNUMBER = {1082775},
MRREVIEWER = {Kimmo I. Rosenthal},
       DOI = {10.1016/0022-4049(90)90128-5},
       URL = {https://doi-org.colorado.idm.oclc.org/10.1016/0022-4049(90)90128-5},
}
		
@book {MR1071169,
    AUTHOR = {Ad\'{a}mek, Ji\v{r}\'{i} and Trnkov\'{a}, V\v{e}ra},
     TITLE = {Automata and algebras in categories},
    SERIES = {Mathematics and its Applications (East European Series)},
    VOLUME = {37},
 PUBLISHER = {Kluwer Academic Publishers Group, Dordrecht},
      YEAR = {1990},
     PAGES = {xiv+474},
      ISBN = {0-7923-0010-6},
   MRCLASS = {18B20 (03D05 68Q70)},
  MRNUMBER = {1071169},
MRREVIEWER = {Walter Tholen},
}
		
@article {MR1063381,
    AUTHOR = {Ad\'{a}mek, Ji\v{r}\'{i} and Tholen, Walter},
     TITLE = {Total categories with generators},
   JOURNAL = {J. Algebra},
  FJOURNAL = {Journal of Algebra},
    VOLUME = {133},
      YEAR = {1990},
    NUMBER = {1},
     PAGES = {63--78},
      ISSN = {0021-8693},
   MRCLASS = {18B99},
  MRNUMBER = {1063381},
MRREVIEWER = {R. H. Street},
       DOI = {10.1016/0021-8693(90)90068-Y},
       URL = {https://doi-org.colorado.idm.oclc.org/10.1016/0021-8693(90)90068-Y},
}
		
@article {MR1056163,
    AUTHOR = {Ad\'{a}mek, Ji\v{r}\'{i} and Reiterman, Jan},
     TITLE = {Cartesian closed hull for metric spaces},
   JOURNAL = {Comment. Math. Univ. Carolin.},
  FJOURNAL = {Commentationes Mathematicae Universitatis Carolinae},
    VOLUME = {31},
      YEAR = {1990},
    NUMBER = {1},
     PAGES = {1--6},
      ISSN = {0010-2628},
   MRCLASS = {18D15 (18B30 54C35 54E99)},
  MRNUMBER = {1056163},
MRREVIEWER = {Kimmo I. Rosenthal},
}
		
@book {MR1051419,
    AUTHOR = {Ad\'{a}mek, Ji\v{r}\'{i} and Herrlich, Horst and Strecker, George E.},
     TITLE = {Abstract and concrete categories},
    SERIES = {Pure and Applied Mathematics (New York)},
      NOTE = {The joy of cats,
              A Wiley-Interscience Publication},
 PUBLISHER = {John Wiley \& Sons, Inc., New York},
      YEAR = {1990},
     PAGES = {xiv+482},
      ISBN = {0-471-60922-6},
   MRCLASS = {18-02 (08C05 18A20 18B30 54B30)},
  MRNUMBER = {1051419},
MRREVIEWER = {Saunders Mac Lane},
}
		
@article {MR1037859,
    AUTHOR = {Rosick\'{y}, J. and Trnkov\'{a}, V. and Ad\'{a}mek, J.},
     TITLE = {Unexpected properties of locally presentable categories},
   JOURNAL = {Algebra Universalis},
  FJOURNAL = {Algebra Universalis},
    VOLUME = {27},
      YEAR = {1990},
    NUMBER = {2},
     PAGES = {153--170},
      ISSN = {0002-5240},
   MRCLASS = {18A15 (03E65 18A30 18A35)},
  MRNUMBER = {1037859},
MRREVIEWER = {H. Herrlich},
       DOI = {10.1007/BF01182450},
       URL = {https://doi-org.colorado.idm.oclc.org/10.1007/BF01182450},
}
		
@article {MR1025834,
    AUTHOR = {Ad\'{a}mek, Ji\v{r}\'{i}},
     TITLE = {How many variables does a quasivariety need?},
   JOURNAL = {Algebra Universalis},
  FJOURNAL = {Algebra Universalis},
    VOLUME = {27},
      YEAR = {1990},
    NUMBER = {1},
     PAGES = {44--48},
      ISSN = {0002-5240},
   MRCLASS = {08C15 (03C05 03E65)},
  MRNUMBER = {1025834},
MRREVIEWER = {Sheila Oates-Williams},
       DOI = {10.1007/BF01190252},
       URL = {https://doi-org.colorado.idm.oclc.org/10.1007/BF01190252},
}
		
@article {MR987614,
    AUTHOR = {Trnkov\'{a}, V. and Ad\'{a}mek, J. and Rosick\'{y}, J.},
     TITLE = {Topological reflections revisited},
   JOURNAL = {Proc. Amer. Math. Soc.},
  FJOURNAL = {Proceedings of the American Mathematical Society},
    VOLUME = {108},
      YEAR = {1990},
    NUMBER = {3},
     PAGES = {605--612},
      ISSN = {0002-9939},
   MRCLASS = {18B30 (18A40 54B30 54E15)},
  MRNUMBER = {987614},
MRREVIEWER = {Y. T. Rhineghost},
       DOI = {10.2307/2047777},
       URL = {https://doi-org.colorado.idm.oclc.org/10.2307/2047777},
}
		
@article {MR1189203,
    AUTHOR = {Ad\'{a}mek, Ji\v{r}\'{i} and Rosick\'{y}, Ji\v{r}\'{i}},
     TITLE = {Reflections in locally presentable categories},
   JOURNAL = {Arch. Math. (Brno)},
  FJOURNAL = {Archivum Mathematicum (Brno)},
    VOLUME = {25},
      YEAR = {1989},
    NUMBER = {1-2},
     PAGES = {89--94},
      ISSN = {0044-8753},
   MRCLASS = {18A40},
  MRNUMBER = {1189203},
MRREVIEWER = {Marek Golasi\'{n}ski},
}
		
@incollection {MR1047905,
    AUTHOR = {Ad\'{a}mek, J. and Herrlich, H. and Reiterman, J.},
     TITLE = {Cocompleteness almost implies completeness},
 BOOKTITLE = {Categorical topology and its relation to analysis, algebra and
              combinatorics ({P}rague, 1988)},
     PAGES = {246--256},
 PUBLISHER = {World Sci. Publ., Teaneck, NJ},
      YEAR = {1989},
   MRCLASS = {18A35},
  MRNUMBER = {1047905},
MRREVIEWER = {Walter Tholen},
}
		
@article {MR1044849,
    AUTHOR = {Ad\'{a}mek, J. and Strecker, G. E.},
     TITLE = {Injectivity of topological categories},
   JOURNAL = {Algebra Universalis},
  FJOURNAL = {Algebra Universalis},
    VOLUME = {26},
      YEAR = {1989},
    NUMBER = {3},
     PAGES = {284--306},
      ISSN = {0002-5240},
   MRCLASS = {18A99 (06A23 18B15 18D99)},
  MRNUMBER = {1044849},
MRREVIEWER = {H. Herrlich},
       DOI = {10.1007/BF01211836},
       URL = {https://doi-org.colorado.idm.oclc.org/10.1007/BF01211836},
}
		
@article {MR1007916,
    AUTHOR = {Ad\'{a}mek, Ji\v{r}\'{i} and Herrlich, Horst and Tholen, Walter},
     TITLE = {Monadic decompositions},
   JOURNAL = {J. Pure Appl. Algebra},
  FJOURNAL = {Journal of Pure and Applied Algebra},
    VOLUME = {59},
      YEAR = {1989},
    NUMBER = {2},
     PAGES = {111--123},
      ISSN = {0022-4049},
   MRCLASS = {18C15 (18C20)},
  MRNUMBER = {1007916},
MRREVIEWER = {Jan Reiterman},
       DOI = {10.1016/0022-4049(89)90129-1},
       URL = {https://doi-org.colorado.idm.oclc.org/10.1016/0022-4049(89)90129-1},
}
		
@incollection {MR975956,
    AUTHOR = {Ad\'{a}mek, J. and Rosick\'{y}, J. and Trnkov\'{a}, V.},
     TITLE = {Are all limit-closed subcategories of locally presentable
              categories reflective?},
 BOOKTITLE = {Categorical algebra and its applications
              ({L}ouvain-{L}a-{N}euve, 1987)},
    SERIES = {Lecture Notes in Math.},
    VOLUME = {1348},
     PAGES = {1--18},
 PUBLISHER = {Springer, Berlin},
      YEAR = {1988},
   MRCLASS = {18A40 (18B10)},
  MRNUMBER = {975956},
MRREVIEWER = {Csaba N\'{e}methi},
       DOI = {10.1007/BFb0081345},
       URL = {https://doi-org.colorado.idm.oclc.org/10.1007/BFb0081345},
}
		
@article {MR975371,
    AUTHOR = {Ad\'{a}mek, J. and Herrlich, H. and Rosick\'{y}, J.},
     TITLE = {Essentially equational categories},
   JOURNAL = {Cahiers Topologie G\'{e}om. Diff\'{e}rentielle Cat\'{e}g.},
  FJOURNAL = {Cahiers de Topologie et G\'{e}om\'{e}trie Diff\'{e}rentielle Cat\'{e}goriques},
    VOLUME = {29},
      YEAR = {1988},
    NUMBER = {3},
     PAGES = {175--192},
      ISSN = {0008-0004},
   MRCLASS = {18C99 (08A55 08C05 18C15)},
  MRNUMBER = {975371},
MRREVIEWER = {Walter Tholen},
}
		
@article {MR975370,
    AUTHOR = {Ad\'{a}mek, Ji\v{r}\'{i}},
     TITLE = {A farewell to {E}velyn {N}elson},
   JOURNAL = {Cahiers Topologie G\'{e}om. Diff\'{e}rentielle Cat\'{e}g.},
  FJOURNAL = {Cahiers de Topologie et G\'{e}om\'{e}trie Diff\'{e}rentielle Cat\'{e}goriques},
    VOLUME = {29},
      YEAR = {1988},
    NUMBER = {3},
     PAGES = {171--174},
      ISSN = {0008-0004},
   MRCLASS = {01A70},
  MRNUMBER = {975370},
}
		
@article {MR953705,
    AUTHOR = {Ad\'{a}mek, Ji\v{r}\'{i} and Mekler, Alan H. and Nelson, Evelyn and
              Reiterman, Jan},
     TITLE = {On the logic of continuous algebras},
   JOURNAL = {Notre Dame J. Formal Logic},
  FJOURNAL = {Notre Dame Journal of Formal Logic},
    VOLUME = {29},
      YEAR = {1988},
    NUMBER = {3},
     PAGES = {365--380},
      ISSN = {0029-4527},
   MRCLASS = {03B60 (03C05 03G25 08A99)},
  MRNUMBER = {953705},
MRREVIEWER = {S. Comer},
       DOI = {10.1305/ndjfl/1093637934},
       URL = {https://doi-org.colorado.idm.oclc.org/10.1305/ndjfl/1093637934},
}
		
@article {MR947643,
    AUTHOR = {Ad\'{a}mek, J. and Rosick\'{y}, J.},
     TITLE = {Intersections of reflective subcategories},
   JOURNAL = {Proc. Amer. Math. Soc.},
  FJOURNAL = {Proceedings of the American Mathematical Society},
    VOLUME = {103},
      YEAR = {1988},
    NUMBER = {3},
     PAGES = {710--712},
      ISSN = {0002-9939},
   MRCLASS = {18A40 (18B30 54B30)},
  MRNUMBER = {947643},
MRREVIEWER = {Csaba N\'{e}methi},
       DOI = {10.2307/2046838},
       URL = {https://doi-org.colorado.idm.oclc.org/10.2307/2046838},
}
		
@article {MR937559,
    AUTHOR = {Nelson, E. and Ad\'{a}mek, J. and Jung, A. and Reiterman, J. and
              Tarlecki, A.},
     TITLE = {Comparison of subset systems},
   JOURNAL = {Comment. Math. Univ. Carolin.},
  FJOURNAL = {Commentationes Mathematicae Universitatis Carolinae},
    VOLUME = {29},
      YEAR = {1988},
    NUMBER = {1},
     PAGES = {169--177},
      ISSN = {0010-2628},
   MRCLASS = {06A23},
  MRNUMBER = {937559},
MRREVIEWER = {James W. Lea, Jr.},
}
		
@article {MR931616,
    AUTHOR = {Ad\'{a}mek, Ji\v{r}\'{i} and Nelson, Evelyn},
     TITLE = {Absolutely definable varieties of continuous algebras},
   JOURNAL = {Algebra Universalis},
  FJOURNAL = {Algebra Universalis},
    VOLUME = {24},
      YEAR = {1987},
    NUMBER = {3},
     PAGES = {267--278},
      ISSN = {0002-5240},
   MRCLASS = {08B99},
  MRNUMBER = {931616},
MRREVIEWER = {James W. Lea, Jr.},
       DOI = {10.1007/BF01195265},
       URL = {https://doi-org.colorado.idm.oclc.org/10.1007/BF01195265},
}
		
@article {MR923821,
    AUTHOR = {Ad\'{a}mek, Ji\v{r}\'{i}},
     TITLE = {How complete are categories of algebras?},
   JOURNAL = {Bull. Austral. Math. Soc.},
  FJOURNAL = {Bulletin of the Australian Mathematical Society},
    VOLUME = {36},
      YEAR = {1987},
    NUMBER = {3},
     PAGES = {389--409},
      ISSN = {0004-9727},
   MRCLASS = {18C15 (18A35)},
  MRNUMBER = {923821},
MRREVIEWER = {Walter Tholen},
       DOI = {10.1017/S0004972700003683},
       URL = {https://doi-org.colorado.idm.oclc.org/10.1017/S0004972700003683},
}
		
@inproceedings {MR911684,
    AUTHOR = {Ad\'{a}mek, Ji\v{r}\'{i} and Reiterman, Jan},
     TITLE = {The quasitopos hull of the category of uniform spaces},
 BOOKTITLE = {Proceedings of the 8th international conference on categorical
              topology ({L}'{A}quila, 1986)},
   JOURNAL = {Topology Appl.},
  FJOURNAL = {Topology and its Applications},
    VOLUME = {27},
      YEAR = {1987},
    NUMBER = {2},
     PAGES = {97--104},
      ISSN = {0166-8641},
   MRCLASS = {54B30 (18B25 18D15 54E15)},
  MRNUMBER = {911684},
MRREVIEWER = {H. Herrlich},
       DOI = {10.1016/0166-8641(87)90097-6},
       URL = {https://doi-org.colorado.idm.oclc.org/10.1016/0166-8641(87)90097-6},
}
		
@incollection {MR874374,
    AUTHOR = {Ad\'{a}mek, Ji\v{r}\'{i} and Herrlich, Horst},
     TITLE = {Cartesian closed categories, quasitopoi and topological
              universes},
 BOOKTITLE = {Mathematical foundations of programming semantics
              ({M}anhattan, {K}an., 1985)},
    SERIES = {Lecture Notes in Comput. Sci.},
    VOLUME = {239},
     PAGES = {20--41},
 PUBLISHER = {Springer, Berlin},
      YEAR = {1986},
   MRCLASS = {18D15 (18B25)},
  MRNUMBER = {874374},
       DOI = {10.1007/3-540-16816-8_23},
       URL = {https://doi-org.colorado.idm.oclc.org/10.1007/3-540-16816-8_23},
}
		
@article {MR869114,
    AUTHOR = {Ad\'{a}mek, Ji\v{r}\'{i}},
     TITLE = {Classification of concrete categories},
   JOURNAL = {Houston J. Math.},
  FJOURNAL = {Houston Journal of Mathematics},
    VOLUME = {12},
      YEAR = {1986},
    NUMBER = {3},
     PAGES = {305--326},
      ISSN = {0362-1588},
   MRCLASS = {18D99 (18A22 54B30)},
  MRNUMBER = {869114},
MRREVIEWER = {H. Herrlich},
}
		
@article {MR857544,
    AUTHOR = {Ad\'{a}mek, Ji\v{r}\'{i} and Herrlich, Horst},
     TITLE = {Cartesian closed categories, quasitopoi and topological
              universes},
   JOURNAL = {Comment. Math. Univ. Carolin.},
  FJOURNAL = {Commentationes Mathematicae Universitatis Carolinae},
    VOLUME = {27},
      YEAR = {1986},
    NUMBER = {2},
     PAGES = {235--257},
      ISSN = {0010-2628},
   MRCLASS = {18D15 (18B25)},
  MRNUMBER = {857544},
MRREVIEWER = {I. W. Alderton},
}
		
@article {MR855978,
    AUTHOR = {Ad\'{a}mek, J. and Reiterman, J. and Nelson, E.},
     TITLE = {Continuous semilattices},
   JOURNAL = {Theoret. Comput. Sci.},
  FJOURNAL = {Theoretical Computer Science},
    VOLUME = {43},
      YEAR = {1986},
    NUMBER = {2-3},
     PAGES = {293--313},
      ISSN = {0304-3975},
   MRCLASS = {06A12 (06B35 68Q55)},
  MRNUMBER = {855978},
MRREVIEWER = {Ana Pasztor},
       DOI = {10.1016/0304-3975(86)90182-9},
       URL = {https://doi-org.colorado.idm.oclc.org/10.1016/0304-3975(86)90182-9},
}
		
@article {MR852312,
    AUTHOR = {Ad\'{a}mek, J. and Reiterman, J.},
     TITLE = {Topological categories presented by small sets of axioms},
   JOURNAL = {J. Pure Appl. Algebra},
  FJOURNAL = {Journal of Pure and Applied Algebra},
    VOLUME = {42},
      YEAR = {1986},
    NUMBER = {1},
     PAGES = {1--14},
      ISSN = {0022-4049},
   MRCLASS = {18B30 (18B15 54B30)},
  MRNUMBER = {852312},
MRREVIEWER = {H. Herrlich},
       DOI = {10.1016/0022-4049(86)90054-X},
       URL = {https://doi-org.colorado.idm.oclc.org/10.1016/0022-4049(86)90054-X},
}
		
@article {MR836324,
    AUTHOR = {Ad\'{a}mek, Ji\v{r}\'{i}},
     TITLE = {On a problem of {H}errlich concerning topological axioms},
   JOURNAL = {Topology Appl.},
  FJOURNAL = {Topology and its Applications},
    VOLUME = {22},
      YEAR = {1986},
    NUMBER = {2},
     PAGES = {175--182},
      ISSN = {0166-8641},
   MRCLASS = {18B30 (54B30)},
  MRNUMBER = {836324},
MRREVIEWER = {G. E. Strecker},
       DOI = {10.1016/0166-8641(86)90007-6},
       URL = {https://doi-org.colorado.idm.oclc.org/10.1016/0166-8641(86)90007-6},
}
		
@article {MR835978,
    AUTHOR = {Ad\'{a}mek, J. and Nelson, E. and Reiterman, J.},
     TITLE = {Corrigendum: ``{T}he {B}irkhoff variety theorem for continuous
              algebras''},
   JOURNAL = {Algebra Universalis},
  FJOURNAL = {Algebra Universalis},
    VOLUME = {21},
      YEAR = {1985},
    NUMBER = {1},
     PAGES = {136},
      ISSN = {0002-5240},
   MRCLASS = {08A65 (08B05)},
  MRNUMBER = {835978},
       DOI = {10.1007/BF01187564},
       URL = {https://doi-org.colorado.idm.oclc.org/10.1007/BF01187564},
}
		
@incollection {MR835466,
    AUTHOR = {Ad\'{a}mek, Ji\v{r}\'{i}},
     TITLE = {Topological axioms and completions},
 BOOKTITLE = {Convergence structures 1984 ({B}echyn\v{e}, 1984)},
    SERIES = {Math. Res.},
    VOLUME = {24},
     PAGES = {11--24},
 PUBLISHER = {Akademie-Verlag, Berlin},
      YEAR = {1985},
   MRCLASS = {54B30 (18B15)},
  MRNUMBER = {835466},
MRREVIEWER = {H. Herrlich},
}
		
@article {MR811693,
    AUTHOR = {Ad\'{a}mek, Ji\v{r}\'{i} and Nelson, Evelyn and Reiterman, Jan},
     TITLE = {The {B}irkhoff variety theorem for continuous algebras},
   JOURNAL = {Algebra Universalis},
  FJOURNAL = {Algebra Universalis},
    VOLUME = {20},
      YEAR = {1985},
    NUMBER = {3},
     PAGES = {328--350},
      ISSN = {0002-5240},
   MRCLASS = {08A65 (08B05)},
  MRNUMBER = {811693},
       DOI = {10.1007/BF01195142},
       URL = {https://doi-org.colorado.idm.oclc.org/10.1007/BF01195142},
}
		
@article {MR804336,
    AUTHOR = {Ad\'{a}mek, J. and Reiterman, J. and Strecker, G. E.},
     TITLE = {Realization of {C}artesian closed topological hulls},
   JOURNAL = {Manuscripta Math.},
  FJOURNAL = {Manuscripta Mathematica},
    VOLUME = {53},
      YEAR = {1985},
    NUMBER = {1-2},
     PAGES = {1--33},
      ISSN = {0025-2611},
   MRCLASS = {18B30 (54B30)},
  MRNUMBER = {804336},
MRREVIEWER = {S. B. Niefield},
       DOI = {10.1007/BF01174009},
       URL = {https://doi-org.colorado.idm.oclc.org/10.1007/BF01174009},
}
		
@article {MR800258,
    AUTHOR = {Ad\'{a}mek, Ji\v{r}\'{i} and Koubek, V\'{a}clav and Nelson, Evelyn and
              Reiterman, Jan},
     TITLE = {Arbitrarily large continuous algebras on one generator},
   JOURNAL = {Trans. Amer. Math. Soc.},
  FJOURNAL = {Transactions of the American Mathematical Society},
    VOLUME = {291},
      YEAR = {1985},
    NUMBER = {2},
     PAGES = {681--699},
      ISSN = {0002-9947},
   MRCLASS = {08C05 (03E55 06F99)},
  MRNUMBER = {800258},
       DOI = {10.2307/2000105},
       URL = {https://doi-org.colorado.idm.oclc.org/10.2307/2000105},
}
		
@article {MR794489,
    AUTHOR = {Ad\'{a}mek, Ji\v{r}\'{i} and Reiterman, Jan},
     TITLE = {Cartesian closed hull of the category of uniform spaces},
   JOURNAL = {Topology Appl.},
  FJOURNAL = {Topology and its Applications},
    VOLUME = {19},
      YEAR = {1985},
    NUMBER = {3},
     PAGES = {261--276},
      ISSN = {0166-8641},
   MRCLASS = {54E15 (18D15)},
  MRNUMBER = {794489},
MRREVIEWER = {A. G. Hitchcock},
       DOI = {10.1016/0166-8641(85)90006-9},
       URL = {https://doi-org.colorado.idm.oclc.org/10.1016/0166-8641(85)90006-9},
}
		
@article {MR752980,
    AUTHOR = {Ad\'{a}mek, Ji\v{r}\'{i} and Merzenich, Wolfgang},
     TITLE = {Fixed points as equations and solutions},
   JOURNAL = {Canad. J. Math.},
  FJOURNAL = {Canadian Journal of Mathematics. Journal Canadien de
              Math\'{e}matiques},
    VOLUME = {36},
      YEAR = {1984},
    NUMBER = {3},
     PAGES = {495--519},
      ISSN = {0008-414X},
   MRCLASS = {18C99 (08C05 20L17)},
  MRNUMBER = {752980},
MRREVIEWER = {V\'{a}clav Koubek},
       DOI = {10.4153/CJM-1984-030-5},
       URL = {https://doi-org.colorado.idm.oclc.org/10.4153/CJM-1984-030-5},
}
		
@article {MR742287,
    AUTHOR = {Ad\'{a}mek, Ji\v{r}\'{i} and Nelson, Evelyn},
     TITLE = {Separately continuous algebras},
   JOURNAL = {Theoret. Comput. Sci.},
  FJOURNAL = {Theoretical Computer Science},
    VOLUME = {27},
      YEAR = {1983},
    NUMBER = {1-2},
     PAGES = {225--231},
      ISSN = {0304-3975},
   MRCLASS = {68Q65 (08A40 08A65)},
  MRNUMBER = {742287},
MRREVIEWER = {Ir\`ene Guessarian},
       DOI = {10.1016/0304-3975(83)90102-0},
       URL = {https://doi-org.colorado.idm.oclc.org/10.1016/0304-3975(83)90102-0},
}
		
@book {MR735079,
    AUTHOR = {Ad\'{a}mek, Ji\v{r}\'{i}},
     TITLE = {Theory of mathematical structures},
 PUBLISHER = {D. Reidel Publishing Co., Dordrecht},
      YEAR = {1983},
     PAGES = {x+317},
      ISBN = {90-277-1459-2},
   MRCLASS = {18-01 (00A05 08-01 18Axx 18Dxx)},
  MRNUMBER = {735079},
MRREVIEWER = {T. W. Hungerford},
}
		
@article {MR702716,
    AUTHOR = {Ad\'{a}mek, J. and Koubek, V. and },
     TITLE = {Cartesian closed concrete categories},
   JOURNAL = {Cahiers Topologie G\'{e}om. Diff\'{e}rentielle},
  FJOURNAL = {Cahiers de Topologie et G\'{e}om\'{e}trie Diff\'{e}rentielle},
    VOLUME = {24},
      YEAR = {1983},
    NUMBER = {1},
     PAGES = {3--17},
      ISSN = {0008-0004},
   MRCLASS = {18D15 (18A35)},
  MRNUMBER = {702716},
MRREVIEWER = {G. M. Kelly},
}
		
@incollection {MR738819,
    AUTHOR = {Trnkov\'{a}, V. and Ad\'{a}mek, J.},
     TITLE = {Analyses of languages accepted by varietor machines in
              category},
 BOOKTITLE = {Universal algebra and applications ({W}arsaw, 1978)},
    SERIES = {Banach Center Publ.},
    VOLUME = {9},
     PAGES = {257--272},
 PUBLISHER = {PWN, Warsaw},
      YEAR = {1982},
   MRCLASS = {18B20 (68Q45 68Q70)},
  MRNUMBER = {738819},
MRREVIEWER = {M. Kunze},
}
		
@incollection {MR659879,
    AUTHOR = {Ad\'{a}mek, J. and Strecker, G. E.},
     TITLE = {On the largest initial completion of categories of algebras},
 BOOKTITLE = {Categorical aspects of topology and analysis ({O}ttawa,
              {O}nt., 1980)},
    SERIES = {Lecture Notes in Math.},
    VOLUME = {915},
     PAGES = {1--15},
 PUBLISHER = {Springer, Berlin-New York},
      YEAR = {1982},
   MRCLASS = {18A35 (08A60 08C05 18B15)},
  MRNUMBER = {659879},
}
		
@article {MR645852,
    AUTHOR = {Ad\'{a}mek, Ji\v{r}\'{i} and Nelson, Evelyn and Reiterman, Jan},
     TITLE = {Tree constructions of free continuous algebras},
   JOURNAL = {J. Comput. System Sci.},
  FJOURNAL = {Journal of Computer and System Sciences},
    VOLUME = {24},
      YEAR = {1982},
    NUMBER = {1},
     PAGES = {114--146},
      ISSN = {0022-0000},
   MRCLASS = {06B99 (06B25 08B20 68F20)},
  MRNUMBER = {645852},
       DOI = {10.1016/0022-0000(82)90059-9},
       URL = {https://doi-org.colorado.idm.oclc.org/10.1016/0022-0000(82)90059-9},
}
		
@article {MR634995,
    AUTHOR = {Ad\'{a}mek, Ji\v{r}\'{i}},
     TITLE = {Construction of free continuous algebras},
   JOURNAL = {Algebra Universalis},
  FJOURNAL = {Algebra Universalis},
    VOLUME = {14},
      YEAR = {1982},
    NUMBER = {2},
     PAGES = {140--166},
      ISSN = {0002-5240},
   MRCLASS = {08B20 (06A10)},
  MRNUMBER = {634995},
MRREVIEWER = {A. A. Iskander},
       DOI = {10.1007/BF02483917},
       URL = {https://doi-org.colorado.idm.oclc.org/10.1007/BF02483917},
}
		
@incollection {MR652965,
    AUTHOR = {Ad\'{a}mek, J.},
     TITLE = {Observability and {N}erode equivalence in concrete categories},
 BOOKTITLE = {Fundamentals of computation theory ({S}zeged, 1981)},
    SERIES = {Lecture Notes in Comput. Sci.},
    VOLUME = {117},
     PAGES = {1--15},
 PUBLISHER = {Springer, Berlin-New York},
      YEAR = {1981},
   MRCLASS = {18B20 (68D30)},
  MRNUMBER = {652965},
MRREVIEWER = {Jean-Eric Pin},
}
		
@article {MR649801,
    AUTHOR = {Ad\'{a}mek, Ji\v{r}\'{i} and Koubek, V\'{a}clav},
     TITLE = {Completions of concrete categories},
      NOTE = {Third Colloquium on Categories, Part III (Amiens, 1980)},
   JOURNAL = {Cahiers Topologie G\'{e}om. Diff\'{e}rentielle},
  FJOURNAL = {Cahiers de Topologie et G\'{e}om\'{e}trie Diff\'{e}rentielle},
    VOLUME = {22},
      YEAR = {1981},
    NUMBER = {2},
     PAGES = {209--228},
      ISSN = {0008-0004},
   MRCLASS = {18A35 (18A30)},
  MRNUMBER = {649801},
MRREVIEWER = {Walter Tholen},
}
		
@article {MR631413,
    AUTHOR = {Ad\'{a}mek, J. and Trnkov\'{a}, V.},
     TITLE = {Varietors and machines in a category},
   JOURNAL = {Algebra Universalis},
  FJOURNAL = {Algebra Universalis},
    VOLUME = {13},
      YEAR = {1981},
    NUMBER = {1},
     PAGES = {89--132},
      ISSN = {0002-5240},
   MRCLASS = {08C05 (08B20 18B20 18C15)},
  MRNUMBER = {631413},
MRREVIEWER = {H.-J. Hoehnke},
       DOI = {10.1007/BF02483826},
       URL = {https://doi-org.colorado.idm.oclc.org/10.1007/BF02483826},
}
		
@article {MR626912,
    AUTHOR = {Ad\'{a}mek, Ji\v{r}\'{i} and Koubek, V\'{a}clav and Reiterman, Ji\v{r}\'{i}},
     TITLE = {Embeddings into categories with fixed points in
              representations},
      NOTE = {With a loose Russian summary},
   JOURNAL = {Czechoslovak Math. J.},
  FJOURNAL = {\v{C}ehoslovackaja Akademija Nauk. \v{C}ehoslovacki\u{\i} Matemati\v{c}eski\u{\i}
              \v{Z}urnal. Czechoslovak Mathematical Journal},
    VOLUME = {31(106)},
      YEAR = {1981},
    NUMBER = {3},
     PAGES = {368--389},
      ISSN = {0011-4642},
   MRCLASS = {18B15 (18A99)},
  MRNUMBER = {626912},
MRREVIEWER = {A. Wiweger},
}
		
@article {MR620360,
    AUTHOR = {Ad\'{a}mek, Ji\v{r}\'{i} and Strecker, George E.},
     TITLE = {Construction of {C}artesian closed topological hulls},
   JOURNAL = {Comment. Math. Univ. Carolin.},
  FJOURNAL = {Commentationes Mathematicae Universitatis Carolinae},
    VOLUME = {22},
      YEAR = {1981},
    NUMBER = {2},
     PAGES = {235--254},
      ISSN = {0010-2628},
   MRCLASS = {18D15 (18A99)},
  MRNUMBER = {620360},
MRREVIEWER = {H. Herrlich},
}
		
@article {MR602266,
    AUTHOR = {Ad\'{a}mek, Ji\v{r}\'{i} and Ehrig, Hartmut and Trnkov\'{a}, V\v{e}ra},
     TITLE = {On an equivalence of system-theoretical and categorical
              concepts},
   JOURNAL = {Kybernetika (Prague)},
  FJOURNAL = {Kybernetika},
    VOLUME = {16},
      YEAR = {1980},
    NUMBER = {5},
     PAGES = {389--410},
      ISSN = {0023-5954},
   MRCLASS = {18B20 (93B20)},
  MRNUMBER = {602266},
MRREVIEWER = {E. G. Manes},
}
		
@article {MR591255,
    AUTHOR = {Ad\'{a}mek, Ji\v{r}\'{i} and Koubek, V\'{a}clav},
     TITLE = {Are colimits of algebras simple to construct?},
   JOURNAL = {J. Algebra},
  FJOURNAL = {Journal of Algebra},
    VOLUME = {66},
      YEAR = {1980},
    NUMBER = {1},
     PAGES = {226--250},
      ISSN = {0021-8693},
   MRCLASS = {18C20 (08C05)},
  MRNUMBER = {591255},
MRREVIEWER = {Walter Tholen},
       DOI = {10.1016/0021-8693(80)90122-2},
       URL = {https://doi-org.colorado.idm.oclc.org/10.1016/0021-8693(80)90122-2},
}
		
@article {MR590136,
    AUTHOR = {Ad\'{a}mek, J. and Koubek, V.},
     TITLE = {Cartesian closed functor-structured categories},
   JOURNAL = {Comment. Math. Univ. Carolin.},
  FJOURNAL = {Commentationes Mathematicae Universitatis Carolinae},
    VOLUME = {21},
      YEAR = {1980},
    NUMBER = {3},
     PAGES = {573--590},
      ISSN = {0010-2628},
   MRCLASS = {18D15 (18B99)},
  MRNUMBER = {590136},
MRREVIEWER = {A. Pultr},
}
	
@article {MR550868,
    AUTHOR = {Ad\'{a}mek, Ji\v{r}\'{i} and Koubek, V\'{a}clav},
     TITLE = {Cartesian closed initial completions},
   JOURNAL = {Topology Appl.},
  FJOURNAL = {Topology and its Applications},
    VOLUME = {11},
      YEAR = {1980},
    NUMBER = {1},
     PAGES = {1--16},
      ISSN = {0166-8641},
   MRCLASS = {18D15 (54B30)},
  MRNUMBER = {550868},
MRREVIEWER = {S. J. R. Vorster},
       DOI = {10.1016/0166-8641(80)90012-7},
       URL = {https://doi-org.colorado.idm.oclc.org/10.1016/0166-8641(80)90012-7},
}
		
@incollection {MR569581,
    AUTHOR = {Ad\'{a}mek, Ji\v{r}\'{i}},
     TITLE = {Categorial realization theory. {II}. {N}erode equivalences},
 BOOKTITLE = {Algebraische {M}odelle, {K}ategorien und {G}ruppoide},
    SERIES = {Stud. Algebra Anwendungen},
    VOLUME = {7},
     PAGES = {123--136},
 PUBLISHER = {Akademie-Verlag, Berlin},
      YEAR = {1979},
   MRCLASS = {18B20},
  MRNUMBER = {569581},
MRREVIEWER = {E. G. Manes},
}
		
@incollection {MR569580,
    AUTHOR = {Ad\'{a}mek, Ji\v{r}\'{i}},
     TITLE = {Categorial realization theory. {I}},
 BOOKTITLE = {Algebraische {M}odelle, {K}ategorien und {G}ruppoide},
    SERIES = {Stud. Algebra Anwendungen},
    VOLUME = {7},
     PAGES = {111--122},
 PUBLISHER = {Akademie-Verlag, Berlin},
      YEAR = {1979},
   MRCLASS = {18B20},
  MRNUMBER = {569580},
MRREVIEWER = {E. G. Manes},
}
		
@incollection {MR563710,
    AUTHOR = {Trnkov\'{a}, V\v{e}ra and Ad\'{a}mek, Ji\v{r}\'{i}},
     TITLE = {Tree-group automata},
 BOOKTITLE = {Fundamentals of computation theory ({P}roc. {C}onf.
              {A}lgebraic, {A}rith. and {C}ategorical {M}ethods in {C}omput.
              {T}heory, {B}erlin/{W}endisch-{R}ietz, 1979)},
    SERIES = {Math. Res.},
    VOLUME = {2},
     PAGES = {462--468},
 PUBLISHER = {Akademie-Verlag, Berlin},
      YEAR = {1979},
   MRCLASS = {68D30 (68D25)},
  MRNUMBER = {563710},
}
		
@article {MR558103,
    AUTHOR = {Ad\'{a}mek, J. and Herrlich, H. and Strecker, G. E.},
     TITLE = {The structure of initial completions},
   JOURNAL = {Cahiers Topologie G\'{e}om. Diff\'{e}rentielle},
  FJOURNAL = {Cahiers de Topologie et G\'{e}om\'{e}trie Diff\'{e}rentielle},
    VOLUME = {20},
      YEAR = {1979},
    NUMBER = {4},
     PAGES = {333--352},
      ISSN = {0008-0004},
   MRCLASS = {18B15 (54B30)},
  MRNUMBER = {558103},
}
		
@article {MR550196,
    AUTHOR = {Ad\'{a}mek, Ji\v{r}\'{i} and Koubek, V\'{a}clav},
     TITLE = {Least fixed point of a functor},
   JOURNAL = {J. Comput. System Sci.},
  FJOURNAL = {Journal of Computer and System Sciences},
    VOLUME = {19},
      YEAR = {1979},
    NUMBER = {2},
     PAGES = {163--178},
      ISSN = {0022-0000},
   MRCLASS = {18B20 (18C99 68D30)},
  MRNUMBER = {550196},
       DOI = {10.1016/0022-0000(79)90026-6},
       URL = {https://doi-org.colorado.idm.oclc.org/10.1016/0022-0000(79)90026-6},
}
		
@article {MR543416,
    AUTHOR = {Ad\'{a}mek, Ji\v{r}\'{i}},
     TITLE = {On the cogeneration of algebras},
   JOURNAL = {Math. Nachr.},
  FJOURNAL = {Mathematische Nachrichten},
    VOLUME = {88},
      YEAR = {1979},
     PAGES = {373--384},
      ISSN = {0025-584X},
   MRCLASS = {18C15 (68D35)},
  MRNUMBER = {543416},
MRREVIEWER = {Horst Reichel},
       DOI = {10.1002/mana.19790880129},
       URL = {https://doi-org.colorado.idm.oclc.org/10.1002/mana.19790880129},
}
		
@incollection {MR541106,
    AUTHOR = {Ad\'{a}mek, J. and Koubek, V.},
     TITLE = {On representations of ordered commutative semigroups},
 BOOKTITLE = {Algebraic theory of semigroups ({P}roc. {S}ixth {A}lgebraic
              {C}onf., {S}zeged, 1976)},
    SERIES = {Colloq. Math. Soc. J\'{a}nos Bolyai},
    VOLUME = {20},
     PAGES = {15--31},
 PUBLISHER = {North-Holland, Amsterdam-New York},
      YEAR = {1979},
   MRCLASS = {06F05 (20M30)},
  MRNUMBER = {541106},
MRREVIEWER = {I. S. Ponizovski\u{\i}},
}
		
@article {MR536066,
    AUTHOR = {Ad\'{a}mek, Ji\v{r}\'{i} and Sturm, Teo},
     TITLE = {On congruence lattices in a category},
   JOURNAL = {Czechoslovak Math. J.},
  FJOURNAL = {\v{C}ehoslovackaja Akademija Nauk. \v{C}ehoslovacki\u{\i} Matemati\v{c}eski\u{\i}
              \v{Z}urnal. Czechoslovak Mathematical Journal},
    VOLUME = {29(104)},
      YEAR = {1979},
    NUMBER = {3},
     PAGES = {385--395},
      ISSN = {0011-4642},
   MRCLASS = {18D99 (08A99)},
  MRNUMBER = {536066},
MRREVIEWER = {E. G. Manes},
}
		
@article {MR526147,
    AUTHOR = {Ad\'{a}mek, J. and Herrlich, H. and Strecker, G. E.},
     TITLE = {Least and largest initial completions. {I}, {II}},
   JOURNAL = {Comment. Math. Univ. Carolin.},
  FJOURNAL = {Commentationes Mathematicae Universitatis Carolinae},
    VOLUME = {20},
      YEAR = {1979},
    NUMBER = {1},
     PAGES = {43--58, 59--77},
      ISSN = {0010-2628},
   MRCLASS = {18D30 (18A35 18B30)},
  MRNUMBER = {526147},
MRREVIEWER = {Walter Tholen},
}
		
@book {MR546055,
    AUTHOR = {Ad\'{a}mek, Ji\v{r}\'{i} and Koubek, V\'{a}clav and Reiterman, Jan},
     TITLE = {Z\'{a}klady obecn\'{e} topologie},
    SERIES = {Matematick\'{y} Semin\'{a}\v{r} SNTL [Mathematical Seminar SNTL]},
    VOLUME = {11},
 PUBLISHER = {SNTL---Nakladatelstv\'{i} Technick\'{e} Literatury, Prague},
      YEAR = {1977},
     PAGES = {280 pp. (loose errata)},
   MRCLASS = {54-01},
  MRNUMBER = {546055},
}
		
@article {MR0498783,
    AUTHOR = {Trnkov\'{a}, V. and Ad\'{a}mek, J.},
     TITLE = {Realization is not universal},
 BOOKTITLE = {Algebraische {M}ethoden und ihre {A}nwendungen in der
              {A}utomatentheorie ({P}roblemsem., {W}eissig, 1976)},
     PAGES = {38--55. Vortr\"{a}ge zur Automatentheorie, Heft 21},
 PUBLISHER = {Weiterbildungszentrum f\"{u}r Math. Kybernetik u. Rechentechn.,
              Techn. Univ. Dresden, Dresden},
      YEAR = {1977},
   MRCLASS = {18B20},
  MRNUMBER = {0498783},
MRREVIEWER = {Aleksander Albicki},
}
		
@article {MR0486040,
    AUTHOR = {Ad\'{a}mek, Ji\v{r}\'{i} and Koubek, V\'{a}clav},
     TITLE = {Remarks on fixed points of functors},
 BOOKTITLE = {Fundamentals of computation theory ({P}roc. {I}nternat.
              {C}onf., {P}ozna\'{n}-{K}\'{o}rnik, 1977)},
     PAGES = {199--205. Lecture Notes in Comput. Sci., Vol. 56},
 PUBLISHER = {Springer, Berlin},
      YEAR = {1977},
   MRCLASS = {18B20 (18C99)},
  MRNUMBER = {0486040},
MRREVIEWER = {Cristian Calude},
}
		
@article {MR0480816,
    AUTHOR = {Ad\'{a}mek, Ji\v{r}\'{i} and Koubek, V\'{a}clav},
     TITLE = {On a representation of semigroups by products of algebras and
              relations},
   JOURNAL = {Colloq. Math.},
  FJOURNAL = {Colloquium Mathematicum},
    VOLUME = {38},
      YEAR = {1977},
    NUMBER = {1},
     PAGES = {7--25},
      ISSN = {0010-1354},
   MRCLASS = {20M30 (08A25)},
  MRNUMBER = {0480816},
MRREVIEWER = {G. Gratzer},
       DOI = {10.4064/cm-38-1-7-25},
       URL = {https://doi-org.colorado.idm.oclc.org/10.4064/cm-38-1-7-25},
}
		
@article {MR0472956,
    AUTHOR = {Ad\'{a}mek, J. and Trnkov\'{a}, V.},
     TITLE = {Recognizable and regular languages in a category},
 BOOKTITLE = {Fundamentals of computation theory ({P}roc. {I}nternat.
              {C}onf., {P}ozna\'{n}-{K}\'{o}rnik, 1977)},
     PAGES = {206--211. Lecture Notes in Comput. Sci., Vol. 56},
 PUBLISHER = {Springer, Berlin},
      YEAR = {1977},
   MRCLASS = {18B20 (68A25 94A30)},
  MRNUMBER = {0472956},
MRREVIEWER = {Vaclav Koubek},
}
		
@article {MR0470020,
    AUTHOR = {Ad\'{a}mek, Ji\v{r}\'{i}},
     TITLE = {Colimits of algebras revisited},
   JOURNAL = {Bull. Austral. Math. Soc.},
  FJOURNAL = {Bulletin of the Australian Mathematical Society},
    VOLUME = {17},
      YEAR = {1977},
    NUMBER = {3},
     PAGES = {433--450},
      ISSN = {0004-9727},
   MRCLASS = {18C15},
  MRNUMBER = {0470020},
MRREVIEWER = {E. G. Manes},
       DOI = {10.1017/S0004972700010704},
       URL = {https://doi-org.colorado.idm.oclc.org/10.1017/S0004972700010704},
}
		
@article {MR0465619,
    AUTHOR = {Trnkov\'{a}, V\v{e}ra and Ad\'{a}mek, Ji\v{r}\'{i}},
     TITLE = {On languages, accepted by machines in the category of sets},
 BOOKTITLE = {Mathematical foundations of computer science ({P}roc. {S}ixth
              {S}ympos., {T}atransk\'{a} {L}omnica, 1977)},
     PAGES = {523--531. Lecture Notes in Comput. Sci., Vol. 53},
 PUBLISHER = {Springer, Berlin},
      YEAR = {1977},
   MRCLASS = {94A30 (68A30 68A25)},
  MRNUMBER = {0465619},
MRREVIEWER = {Aleksander Albicki},
}
		
@article {MR0462807,
    AUTHOR = {Ad\'{a}mek, Ji\v{r}\'{i} and Koubek, V\'{a}clav},
     TITLE = {Functorial algebras and automata},
   JOURNAL = {Kybernetika (Prague)},
  FJOURNAL = {Kybernetika},
    VOLUME = {13},
      YEAR = {1977},
    NUMBER = {4},
     PAGES = {245--260},
      ISSN = {0023-5954},
   MRCLASS = {94A30},
  MRNUMBER = {0462807},
MRREVIEWER = {Aleksander Albicki},
}
		
@article {MR0460413,
    AUTHOR = {Ad\'{a}mek, Ji\v{r}\'{i} and Koubek, V\'{a}clav},
     TITLE = {What to embed into a {C}artesian closed topological category
              (preliminary communication)},
   JOURNAL = {Comment. Math. Univ. Carolinae},
  FJOURNAL = {Commentationes Mathematicae Universitatis Carolinae},
    VOLUME = {18},
      YEAR = {1977},
    NUMBER = {4},
     PAGES = {817--821},
      ISSN = {0010-2628},
   MRCLASS = {18D15},
  MRNUMBER = {0460413},
MRREVIEWER = {J. R. Isbell},
}
		
@article {MR0460410,
    AUTHOR = {Ad\'{a}mek, Ji\v{r}\'{i}},
     TITLE = {Realization theory for automata in categories},
   JOURNAL = {J. Pure Appl. Algebra},
  FJOURNAL = {Journal of Pure and Applied Algebra},
    VOLUME = {9},
      YEAR = {1976/77},
    NUMBER = {3},
     PAGES = {281--296},
      ISSN = {0022-4049},
   MRCLASS = {18B20},
  MRNUMBER = {0460410},
MRREVIEWER = {E. G. Manes},
       DOI = {10.1016/0022-4049(77)90071-8},
       URL = {https://doi-org.colorado.idm.oclc.org/10.1016/0022-4049(77)90071-8},
}
		
@article {MR0450142,
    AUTHOR = {Ad\'{a}mek, J.},
     TITLE = {The algebraic structure of products and sums in a category},
 BOOKTITLE = {Lattice theory ({P}roc. {C}olloq., {S}zeged, 1974)},
     PAGES = {13--27. Colloq. Math. Soc. J\'{a}nos Bolyai, Vol. 14},
 PUBLISHER = {North-Holland, Amsterdam},
      YEAR = {1976},
   MRCLASS = {06A10 (06A50)},
  MRNUMBER = {0450142},
MRREVIEWER = {Eugene M. Norris},
}
		
@article {MR0430025,
    AUTHOR = {Ad\'{a}mek, Ji\v{r}\'{i}},
     TITLE = {Cogeneration of algebras in regular categories},
   JOURNAL = {Bull. Austral. Math. Soc.},
  FJOURNAL = {Bulletin of the Australian Mathematical Society},
    VOLUME = {15},
      YEAR = {1976},
    NUMBER = {3},
     PAGES = {355--370},
      ISSN = {0004-9727},
   MRCLASS = {18G99},
  MRNUMBER = {0430025},
MRREVIEWER = {M. Barr},
       DOI = {10.1017/S0004972700022796},
       URL = {https://doi-org.colorado.idm.oclc.org/10.1017/S0004972700022796},
}
		
@article {MR0417257,
    AUTHOR = {Ad\'{a}mek, Ji\v{r}\'{i}},
     TITLE = {Cogeneration and minimal realization (preliminary
              communication)},
   JOURNAL = {Comment. Math. Univ. Carolinae},
  FJOURNAL = {Commentationes Mathematicae Universitatis Carolinae},
    VOLUME = {17},
      YEAR = {1976},
    NUMBER = {3},
     PAGES = {609--614},
      ISSN = {0010-2628},
   MRCLASS = {18B20},
  MRNUMBER = {0417257},
}
		
@article {MR0404379,
    AUTHOR = {Ad\'{a}mek, J. and Reiterman, J.},
     TITLE = {Exactness of the set-valued colim},
   JOURNAL = {Comment. Math. Univ. Carolinae},
  FJOURNAL = {Commentationes Mathematicae Universitatis Carolinae},
    VOLUME = {17},
      YEAR = {1976},
    NUMBER = {1},
     PAGES = {97--103},
      ISSN = {0010-2628},
   MRCLASS = {18B05},
  MRNUMBER = {0404379},
MRREVIEWER = {Robert C. Davis},
}
		
@article {MR0390011,
    AUTHOR = {Ad\'{a}mek, Ji\v{r}\'{i}},
     TITLE = {Limits and colimits in generalized algebraic categories},
   JOURNAL = {Czechoslovak Math. J.},
  FJOURNAL = {Czechoslovak Mathematical Journal},
    VOLUME = {26(101)},
      YEAR = {1976},
    NUMBER = {1},
     PAGES = {55--64},
      ISSN = {0011-4642},
   MRCLASS = {18A30},
  MRNUMBER = {0390011},
MRREVIEWER = {O. Wyler},
}
		
@article {MR0398939,
    AUTHOR = {Ad\'{a}mek, J. and Koubek, V. and Trnkov\'{a}, V.},
     TITLE = {Sums of {B}oolean spaces represent every group},
   JOURNAL = {Pacific J. Math.},
  FJOURNAL = {Pacific Journal of Mathematics},
    VOLUME = {61},
      YEAR = {1975},
    NUMBER = {1},
     PAGES = {1--6},
      ISSN = {0030-8730},
   MRCLASS = {06A40 (20K99 08A10)},
  MRNUMBER = {0398939},
MRREVIEWER = {R. S. Pierce},
       URL = {http://projecteuclid.org.colorado.idm.oclc.org/euclid.pjm/1102868217},
}
		
@article {MR0398897,
    AUTHOR = {Ad\'{a}mek, Ji\v{r}\'{i} and Koubek, V\'{a}clav},
     TITLE = {Products of graphs as a representation of semigroups},
 BOOKTITLE = {Recent advances in graph theory ({P}roc. {S}econd
              {C}zechoslovak {S}ympos., {P}rague, 1974)},
     PAGES = {13--16},
 PUBLISHER = {Academia, Prague},
      YEAR = {1975},
   MRCLASS = {05C99},
  MRNUMBER = {0398897},
MRREVIEWER = {Hugo S. Sun},
}
		
@article {MR0393176,
    AUTHOR = {Ad\'{a}mek, Ji\v{r}\'{i}},
     TITLE = {Automata and categories: finiteness contra minimality},
 BOOKTITLE = {Mathematical foundations of computer science ({F}ourth
              {S}ympos., {M}ari\'{a}nsk\'{e} {L}\'{a}zn\v{e}, 1975)},
     PAGES = {160--166. Lecture Notes in Comput. Sci., Vol. 32},
 PUBLISHER = {Springer, Berlin},
      YEAR = {1975},
   MRCLASS = {18B20 (94A30 94A05)},
  MRNUMBER = {0393176},
MRREVIEWER = {E. G. Manes},
}
		
@article {MR0376799,
    AUTHOR = {Ad\'{a}mek, J. and Reiterman, J.},
     TITLE = {Fixed points in representations of categories},
   JOURNAL = {Trans. Amer. Math. Soc.},
  FJOURNAL = {Transactions of the American Mathematical Society},
    VOLUME = {211},
      YEAR = {1975},
     PAGES = {239--247},
      ISSN = {0002-9947},
   MRCLASS = {18A30},
  MRNUMBER = {0376799},
MRREVIEWER = {J. R. Isbell},
       DOI = {10.2307/1997232},
       URL = {https://doi-org.colorado.idm.oclc.org/10.2307/1997232},
}
		
@article {MR0371986,
    AUTHOR = {Trnkov\'{a}, V. and Ad\'{a}mek, J. and Koubek, V. and Reiterman, J.},
     TITLE = {Free algebras, input processes and free monads},
   JOURNAL = {Comment. Math. Univ. Carolinae},
  FJOURNAL = {Commentationes Mathematicae Universitatis Carolinae},
    VOLUME = {16},
      YEAR = {1975},
     PAGES = {339--351},
      ISSN = {0010-2628},
   MRCLASS = {18B20},
  MRNUMBER = {0371986},
MRREVIEWER = {E. G. Manes},
}
		
@article {MR0372092,
    AUTHOR = {Ad\'{a}mek, J. and Koubek, V. and Reiterman, J.},
     TITLE = {On the existence of special homogeneous monoids},
   JOURNAL = {Semigroup Forum},
  FJOURNAL = {Semigroup Forum},
    VOLUME = {9},
      YEAR = {1974/75},
    NUMBER = {2},
     PAGES = {95--101},
      ISSN = {0037-1912},
   MRCLASS = {20M20},
  MRNUMBER = {0372092},
MRREVIEWER = {Hugo S. Sun},
       DOI = {10.1007/BF02194838},
       URL = {https://doi-org.colorado.idm.oclc.org/10.1007/BF02194838},
}
		
@article {MR0357278,
    AUTHOR = {Ad\'{a}mek, J. and Reiterman, J.},
     TITLE = {Fixed-point property of unary algebras},
   JOURNAL = {Algebra Universalis},
  FJOURNAL = {Algebra Universalis},
    VOLUME = {4},
      YEAR = {1974},
     PAGES = {163--165},
      ISSN = {0002-5240},
   MRCLASS = {08A15},
  MRNUMBER = {0357278},
MRREVIEWER = {J. Karasek},
       DOI = {10.1007/BF02485720},
       URL = {https://doi-org.colorado.idm.oclc.org/10.1007/BF02485720},
}
		
@article {MR0352209,
    AUTHOR = {Ad\'{a}mek, Ji\v{r}\'{i}},
     TITLE = {Free algebras and automata realizations in the language of
              categories},
   JOURNAL = {Comment. Math. Univ. Carolinae},
  FJOURNAL = {Commentationes Mathematicae Universitatis Carolinae},
    VOLUME = {15},
      YEAR = {1974},
     PAGES = {589--602},
      ISSN = {0010-2628},
   MRCLASS = {18C15 (18B20 68A25)},
  MRNUMBER = {0352209},
MRREVIEWER = {E. G. Manes},
}
		
@article {MR0390010,
    AUTHOR = {Ad\'{a}mek, J. and Koubek, V. and Pohlov\'{a}, V.},
     TITLE = {The colimits in the generalized algebraic categories},
   JOURNAL = {Acta Univ. Carolinae---Math. et Phys.},
    VOLUME = {13},
      YEAR = {1972},
    NUMBER = {2},
     PAGES = {29--40},
   MRCLASS = {18A30},
  MRNUMBER = {0390010},
MRREVIEWER = {V. Topencarov},
}
		
@article {MR0302731,
    AUTHOR = {Ad\'{a}mek, Ji\v{r}\u{\i} and Koubek, V\'{a}clav},
     TITLE = {Coequalizers in the generalized algebraic categories},
   JOURNAL = {Comment. Math. Univ. Carolinae},
  FJOURNAL = {Commentationes Mathematicae Universitatis Carolinae},
    VOLUME = {13},
      YEAR = {1972},
     PAGES = {311--324},
      ISSN = {0010-2628},
   MRCLASS = {18C05},
  MRNUMBER = {0302731},
MRREVIEWER = {J. R. Isbell},
}
		
@article {MR0290868,
    AUTHOR = {Ad\'{a}mek, Ji\v{r}\'{i} and Koubek, V\'{a}clav},
     TITLE = {Remarks on flows in network with short paths},
   JOURNAL = {Comment. Math. Univ. Carolinae},
  FJOURNAL = {Commentationes Mathematicae Universitatis Carolinae},
    VOLUME = {12},
      YEAR = {1971},
     PAGES = {661--667},
      ISSN = {0010-2628},
   MRCLASS = {94.30},
  MRNUMBER = {0290868},
MRREVIEWER = {W.-K. Chen},
}
		
@article {MR0274373,
    AUTHOR = {Ad\'{a}mek, Ji\v{r}\'{i}},
     TITLE = {Some generalizations of the notions limit and colimit},
   JOURNAL = {Comment. Math. Univ. Carolinae},
  FJOURNAL = {Commentationes Mathematicae Universitatis Carolinae},
    VOLUME = {11},
      YEAR = {1970},
     PAGES = {823--827},
      ISSN = {0010-2628},
   MRCLASS = {08.30 (05.00)},
  MRNUMBER = {0274373},
MRREVIEWER = {H. Gonshor},
}    