@article {MR3053489,
    AUTHOR = {Aliprantis, C. D. and Topolyan, I.},
     TITLE = {Continuity and equilibrium stability},
   JOURNAL = {J. Math. Anal. Appl.},
  FJOURNAL = {Journal of Mathematical Analysis and Applications},
    VOLUME = {405},
      YEAR = {2013},
    NUMBER = {1},
     PAGES = {104--110},
      ISSN = {0022-247X},
   MRCLASS = {91A10 (91B50)},
  MRNUMBER = {3053489},
MRREVIEWER = {Won Kyu Kim},
       DOI = {10.1016/j.jmaa.2013.03.037},
       URL = {https://doi-org.colorado.idm.oclc.org/10.1016/j.jmaa.2013.03.037},
}
		
@article {MR2868266,
    AUTHOR = {Aliprantis, C. D. and Topolyan, I.},
     TITLE = {Trembling-hand myopia and trembling-hand perfection},
   JOURNAL = {Econom. Lett.},
  FJOURNAL = {Economics Letters},
    VOLUME = {113},
      YEAR = {2011},
    NUMBER = {1},
     PAGES = {39--41},
      ISSN = {0165-1765},
   MRCLASS = {91A10 (91B44)},
  MRNUMBER = {2868266},
       DOI = {10.1016/j.econlet.2011.05.046},
       URL = {https://doi-org.colorado.idm.oclc.org/10.1016/j.econlet.2011.05.046},
}
		
@book {MR2850280,
    AUTHOR = {Aliprantis, Charalambos D. and Chakrabarti, Subir K.},
     TITLE = {Games and decision making},
   EDITION = {Second},
 PUBLISHER = {Oxford University Press, Oxford},
      YEAR = {2011},
     PAGES = {x+470},
      ISBN = {978-0-19-530022-2},
   MRCLASS = {91-01 (91A10 91A35 91B06)},
  MRNUMBER = {2850280},
}
		
@article {MR2591260,
    AUTHOR = {Aliprantis, C. D. and Chakrabarti, S. K. and Topolyan, I.},
     TITLE = {A proof of the existence of the minimax point of a strategic
              game},
   JOURNAL = {Econom. Lett.},
  FJOURNAL = {Economics Letters},
    VOLUME = {105},
      YEAR = {2009},
    NUMBER = {3},
     PAGES = {261--263},
      ISSN = {0165-1765},
   MRCLASS = {91A10},
  MRNUMBER = {2591260},
MRREVIEWER = {Jian Yu},
       DOI = {10.1016/j.econlet.2009.08.015},
       URL = {https://doi-org.colorado.idm.oclc.org/10.1016/j.econlet.2009.08.015},
}
		
@article {MR2479654,
    AUTHOR = {Aliprantis, C. D. and Camera, G. and Ruscitti, F.},
     TITLE = {Monetary equilibrium and the differentiability of the value
              function},
   JOURNAL = {J. Econom. Dynam. Control},
  FJOURNAL = {Journal of Economic Dynamics \& Control},
    VOLUME = {33},
      YEAR = {2009},
    NUMBER = {2},
     PAGES = {454--462},
      ISSN = {0165-1889},
   MRCLASS = {91B64 (90C31)},
  MRNUMBER = {2479654},
MRREVIEWER = {Luca Fanelli},
       DOI = {10.1016/j.jedc.2008.06.010},
       URL = {https://doi-org.colorado.idm.oclc.org/10.1016/j.jedc.2008.06.010},
}
		
@article {MR2461663,
    AUTHOR = {Aliprantis, Charalambos D. and Tourky, Rabee},
     TITLE = {Equilibria in incomplete assets economies with infinite
              dimensional spot markets},
   JOURNAL = {Econom. Theory},
  FJOURNAL = {Economic Theory},
    VOLUME = {38},
      YEAR = {2009},
    NUMBER = {2},
     PAGES = {221--262},
      ISSN = {0938-2259},
   MRCLASS = {91B54 (91B44)},
  MRNUMBER = {2461663},
       DOI = {10.1007/s00199-007-0247-2},
       URL = {https://doi-org.colorado.idm.oclc.org/10.1007/s00199-007-0247-2},
}
		
@article {MR2418053,
    AUTHOR = {Aliprantis, C. D. and Camera, G. and Ruscitti, F.},
     TITLE = {Interior optima and the {I}nada conditions},
   JOURNAL = {Econom. Lett.},
  FJOURNAL = {Economics Letters},
    VOLUME = {99},
      YEAR = {2008},
    NUMBER = {2},
     PAGES = {293--297},
      ISSN = {0165-1765},
   MRCLASS = {91B62},
  MRNUMBER = {2418053},
MRREVIEWER = {Giovanni Paolo Crespi},
       DOI = {10.1016/j.econlet.2007.07.008},
       URL = {https://doi-org.colorado.idm.oclc.org/10.1016/j.econlet.2007.07.008},
}
		
@article {MR2339248,
    AUTHOR = {Aliprantis, Charalambos D. and Harris, David and Tourky,
              Rabee},
     TITLE = {Riesz estimators},
   JOURNAL = {J. Econometrics},
  FJOURNAL = {Journal of Econometrics},
    VOLUME = {136},
      YEAR = {2007},
    NUMBER = {2},
     PAGES = {431--456},
      ISSN = {0304-4076},
   MRCLASS = {Expansion},
  MRNUMBER = {2339248},
       DOI = {10.1016/j.jeconom.2005.11.005},
       URL = {https://doi-org.colorado.idm.oclc.org/10.1016/j.jeconom.2005.11.005},
}
		
@article {MR2339244,
    AUTHOR = {Aliprantis, Charalambos D. and Barnett, William A. and Cornet,
              Bernard and Durlauf, Steven},
     TITLE = {Special issue editors' introduction: {T}he interface between
              econometrics and economic theory},
   JOURNAL = {J. Econometrics},
  FJOURNAL = {Journal of Econometrics},
    VOLUME = {136},
      YEAR = {2007},
    NUMBER = {2},
     PAGES = {325--329},
      ISSN = {0304-4076},
   MRCLASS = {Expansion},
  MRNUMBER = {2339244},
       DOI = {10.1016/j.jeconom.2005.11.011},
       URL = {https://doi-org.colorado.idm.oclc.org/10.1016/j.jeconom.2005.11.011},
}
		
@article {MR2317654,
    AUTHOR = {Aliprantis, C. D. and Camera, G. and Puzzello, D.},
     TITLE = {A random matching theory},
   JOURNAL = {Games Econom. Behav.},
  FJOURNAL = {Games and Economic Behavior},
    VOLUME = {59},
      YEAR = {2007},
    NUMBER = {1},
     PAGES = {1--16},
      ISSN = {0899-8256},
   MRCLASS = {91B68 (91B60 91B70)},
  MRNUMBER = {2317654},
MRREVIEWER = {Marco LiCalzi},
       DOI = {10.1016/j.geb.2006.08.001},
       URL = {https://doi-org.colorado.idm.oclc.org/10.1016/j.geb.2006.08.001},
}
		
@book {MR2317344,
    AUTHOR = {Aliprantis, Charalambos D. and Tourky, Rabee},
     TITLE = {Cones and duality},
    SERIES = {Graduate Studies in Mathematics},
    VOLUME = {84},
 PUBLISHER = {American Mathematical Society, Providence, RI},
      YEAR = {2007},
     PAGES = {xiv+279},
      ISBN = {978-0-8218-4146-4},
   MRCLASS = {46A40 (46B40 46N10 47B60)},
  MRNUMBER = {2317344},
MRREVIEWER = {Nicolae Popovici},
       DOI = {10.1090/gsm/084},
       URL = {https://doi-org.colorado.idm.oclc.org/10.1090/gsm/084},
}
		
@article {MR2298240,
    AUTHOR = {Aliprantis, C. D. and Camera, G. and Puzzello, D.},
     TITLE = {Bilateral matching with {L}atin squares},
   JOURNAL = {J. Math. Econom.},
  FJOURNAL = {Journal of Mathematical Economics},
    VOLUME = {43},
      YEAR = {2007},
    NUMBER = {2},
     PAGES = {99--114},
      ISSN = {0304-4068},
   MRCLASS = {91B68 (05B15 91A26)},
  MRNUMBER = {2298240},
       DOI = {10.1016/j.jmateco.2006.10.001},
       URL = {https://doi-org.colorado.idm.oclc.org/10.1016/j.jmateco.2006.10.001},
}
		
@article {MR2284744,
    AUTHOR = {Aliprantis, Charalambos D. and Camera, Gabriele and Puzzello,
              Daniela},
     TITLE = {Contagion equilibria in a monetary model},
   JOURNAL = {Econometrica},
  FJOURNAL = {Econometrica. Journal of the Econometric Society},
    VOLUME = {75},
      YEAR = {2007},
    NUMBER = {1},
     PAGES = {277--282},
      ISSN = {0012-9682},
   MRCLASS = {91B64 (91B52)},
  MRNUMBER = {2284744},
       DOI = {10.1111/j.1468-0262.2007.00739.x},
       URL = {https://doi-org.colorado.idm.oclc.org/10.1111/j.1468-0262.2007.00739.x},
}
		
@book {MR2378491,
    AUTHOR = {Aliprantis, Charalambos D. and Border, Kim C.},
     TITLE = {Infinite dimensional analysis},
   EDITION = {Third},
      NOTE = {A hitchhiker's guide},
 PUBLISHER = {Springer, Berlin},
      YEAR = {2006},
     PAGES = {xxii+703},
      ISBN = {978-3-540-32696-0; 3-540-32696-0},
   MRCLASS = {46-01 (28D05 46N10 47-01 54-01 60B10 60J05)},
  MRNUMBER = {2378491},
}
		
@book {MR2262133,
    AUTHOR = {Aliprantis, Charalambos D. and Burkinshaw, Owen},
     TITLE = {Positive operators},
      NOTE = {Reprint of the 1985 original},
 PUBLISHER = {Springer, Dordrecht},
      YEAR = {2006},
     PAGES = {xx+376},
      ISBN = {978-1-4020-5007-7; 1-4020-5007-0},
   MRCLASS = {47B60 (46-01 46A40 46B42 47-01 47B65)},
  MRNUMBER = {2262133},
       DOI = {10.1007/978-1-4020-5008-4},
       URL = {https://doi-org.colorado.idm.oclc.org/10.1007/978-1-4020-5008-4},
}
		
@article {MR2256727,
    AUTHOR = {Aliprantis, Charalambos D. and Florenzano, Monique and Tourky,
              Rabee},
     TITLE = {Production equilibria},
   JOURNAL = {J. Math. Econom.},
  FJOURNAL = {Journal of Mathematical Economics},
    VOLUME = {42},
      YEAR = {2006},
    NUMBER = {4-5},
     PAGES = {406--421},
      ISSN = {0304-4068},
   MRCLASS = {91B54 (90B30 90C47 91B50)},
  MRNUMBER = {2256727},
       DOI = {10.1016/j.jmateco.2006.04.006},
       URL = {https://doi-org.colorado.idm.oclc.org/10.1016/j.jmateco.2006.04.006},
}
		
@article {MR2248038,
    AUTHOR = {Aliprantis, Charalambos D. and Camera, Gabriele and Puzzello,
              Daniela},
     TITLE = {Matching and anonymity},
   JOURNAL = {Econom. Theory},
  FJOURNAL = {Economic Theory},
    VOLUME = {29},
      YEAR = {2006},
    NUMBER = {2},
     PAGES = {415--432},
      ISSN = {0938-2259},
   MRCLASS = {91B68},
  MRNUMBER = {2248038},
MRREVIEWER = {Dinko A. Dimitrov},
       DOI = {10.1007/s00199-005-0024-z},
       URL = {https://doi-org.colorado.idm.oclc.org/10.1007/s00199-005-0024-z},
}
		
@article {MR2248028,
    AUTHOR = {Aliprantis, Charalambos D. and Mitra, Tapan and Nishimura,
              Kazuo and Radner, Roy},
     TITLE = {Foreword to the symposium [in honor of {M}ukul {M}ajumdar]},
   JOURNAL = {Econom. Theory},
  FJOURNAL = {Economic Theory},
    VOLUME = {29},
      YEAR = {2006},
    NUMBER = {2},
     PAGES = {249},
      ISSN = {0938-2259},
   MRCLASS = {91-06},
  MRNUMBER = {2248028},
       DOI = {10.1007/s00199-005-0073-3},
       URL = {https://doi-org.colorado.idm.oclc.org/10.1007/s00199-005-0073-3},
}
		
@article {MR2221405,
    AUTHOR = {Aliprantis, Charalambos D. and Glycopantis, Dionysius and
              Puzzello, Daniela},
     TITLE = {The joint continuity of the expected payoff functions},
   JOURNAL = {J. Math. Econom.},
  FJOURNAL = {Journal of Mathematical Economics},
    VOLUME = {42},
      YEAR = {2006},
    NUMBER = {2},
     PAGES = {121--130},
      ISSN = {0304-4068},
   MRCLASS = {91A10 (26E25)},
  MRNUMBER = {2221405},
       DOI = {10.1016/j.jmateco.2005.06.002},
       URL = {https://doi-org.colorado.idm.oclc.org/10.1016/j.jmateco.2005.06.002},
}
		
@article {MR2212766,
    AUTHOR = {Aliprantis, Charalambos D. and Matzkin, Rosa L. and McFadden,
              Daniel and Moore, James C. and Yannelis, Nicholas C.},
     TITLE = {Foreword to `rationality and equilibrium'---a symposium in
              honor of {M}arcel {K}. {R}ichter},
   JOURNAL = {Econom. Theory},
  FJOURNAL = {Economic Theory},
    VOLUME = {26},
      YEAR = {2005},
    NUMBER = {2},
     PAGES = {243--244},
      ISSN = {0938-2259},
   MRCLASS = {91-06 (91A26 91B08 91B42 91B50)},
  MRNUMBER = {2212766},
       DOI = {10.1007/s00199-004-0575-4},
       URL = {https://doi-org.colorado.idm.oclc.org/10.1007/s00199-004-0575-4},
}
		
@article {MR2187238,
    AUTHOR = {Abramovich, Y. A. and Aliprantis, C. D. and Sirotkin, G. and
              Troitsky, V. G.},
     TITLE = {Some open problems and conjectures associated with the
              invariant subspace problem},
   JOURNAL = {Positivity},
  FJOURNAL = {Positivity. An International Journal devoted to the Theory and
              Applications of Positivity in Analysis},
    VOLUME = {9},
      YEAR = {2005},
    NUMBER = {3},
     PAGES = {273--286},
      ISSN = {1385-1292},
   MRCLASS = {47A15 (47C05 47L20)},
  MRNUMBER = {2187238},
MRREVIEWER = {Roman Drnov\v{s}ek},
       DOI = {10.1007/s11117-004-3786-9},
       URL = {https://doi-org.colorado.idm.oclc.org/10.1007/s11117-004-3786-9},
}
		
@article {MR2187237,
    AUTHOR = {Aliprantis, C. D.},
     TITLE = {In memoriam: {Y}uri {A}lexander {A}bramovich and {A}driaan
              {C}ornelis {Z}aanen [{S}pecial issue]},
   JOURNAL = {Positivity},
  FJOURNAL = {Positivity. An International Journal devoted to the Theory and
              Applications of Positivity in Analysis},
    VOLUME = {9},
      YEAR = {2005},
    NUMBER = {3},
     PAGES = {269--272},
      ISSN = {1385-1292},
   MRCLASS = {47-06 (01A70 46-06 46B42 47B65)},
  MRNUMBER = {2187237},
       DOI = {10.1007/s11117-005-8083-8},
       URL = {https://doi-org.colorado.idm.oclc.org/10.1007/s11117-005-8083-8},
}
		
@article {MR2120807,
    AUTHOR = {Aliprantis, Charalambos D. and Florenzano, Monique and Tourky,
              Rabee},
     TITLE = {Linear and non-linear price decentralization},
   JOURNAL = {J. Econom. Theory},
  FJOURNAL = {Journal of Economic Theory},
    VOLUME = {121},
      YEAR = {2005},
    NUMBER = {1},
     PAGES = {51--74},
      ISSN = {0022-0531},
   MRCLASS = {91B24 (91B28 91B50 91B54)},
  MRNUMBER = {2120807},
       DOI = {10.1016/j.jet.2004.04.007},
       URL = {https://doi-org.colorado.idm.oclc.org/10.1016/j.jet.2004.04.007},
}
		
@article {MR2070962,
    AUTHOR = {Aliprantis, C. D. and Florenzano, M. and Martins-da-Rocha, V.
              F. and Tourky, R.},
     TITLE = {Equilibrium analysis in financial markets with countably many
              securities},
   JOURNAL = {J. Math. Econom.},
  FJOURNAL = {Journal of Mathematical Economics},
    VOLUME = {40},
      YEAR = {2004},
    NUMBER = {6},
     PAGES = {683--699},
      ISSN = {0304-4068},
   MRCLASS = {91B24 (91B28 91B30 91B54)},
  MRNUMBER = {2070962},
MRREVIEWER = {Ghanshyam Mehta},
       DOI = {10.1016/j.jmateco.2003.06.003},
       URL = {https://doi-org.colorado.idm.oclc.org/10.1016/j.jmateco.2003.06.003},
}
		
@article {MR2070697,
    AUTHOR = {Aliprantis, Charalambos D. and Florenzano, Monique and Tourky,
              Rabee},
     TITLE = {General equilibrium analysis in ordered topological vector
              spaces},
   JOURNAL = {J. Math. Econom.},
  FJOURNAL = {Journal of Mathematical Economics},
    VOLUME = {40},
      YEAR = {2004},
    NUMBER = {3-4},
     PAGES = {247--269},
      ISSN = {0304-4068},
   MRCLASS = {91B50},
  MRNUMBER = {2070697},
MRREVIEWER = {Ghanshyam Mehta},
       DOI = {10.1016/j.jmateco.2003.11.004},
       URL = {https://doi-org.colorado.idm.oclc.org/10.1016/j.jmateco.2003.11.004},
}
		
@article {MR2032956,
    AUTHOR = {Aliprantis, Charalambos D. and Monteiro, Paulo K. and Tourky,
              Rabee},
     TITLE = {Non-marketed options, non-existence of equilibria, and
              non-linear prices},
   JOURNAL = {J. Econom. Theory},
  FJOURNAL = {Journal of Economic Theory},
    VOLUME = {114},
      YEAR = {2004},
    NUMBER = {2},
     PAGES = {345--357},
      ISSN = {0022-0531},
   MRCLASS = {91B26 (91A12 91B28 91B50)},
  MRNUMBER = {2032956},
MRREVIEWER = {G. Chichilnisky},
       DOI = {10.1016/S0022-0531(03)00108-X},
       URL = {https://doi-org.colorado.idm.oclc.org/10.1016/S0022-0531(03)00108-X},
}
		
@article {MR2037849,
    AUTHOR = {Aliprantis, Charalambos D. and Arrow, Kenneth J. and Hammond,
              Peter J. and Kubler, Felix and Wu, Ho-Mou and Yannelis,
              Nicholas C.},
     TITLE = {Foreword to the symposium in honor of {M}ordecai {K}urz},
   JOURNAL = {Econom. Theory},
  FJOURNAL = {Economic Theory},
    VOLUME = {21},
      YEAR = {2003},
    NUMBER = {2-3},
     PAGES = {215--216},
      ISSN = {0938-2259},
   MRCLASS = {Expansion},
  MRNUMBER = {2037849},
       DOI = {10.1007/s001990200329},
       URL = {https://doi-org.colorado.idm.oclc.org/10.1007/s001990200329},
}
		
@book {MR2011364,
    AUTHOR = {Aliprantis, Charalambos D. and Burkinshaw, Owen},
     TITLE = {Locally solid {R}iesz spaces with applications to economics},
    SERIES = {Mathematical Surveys and Monographs},
    VOLUME = {105},
   EDITION = {Second},
 PUBLISHER = {American Mathematical Society, Providence, RI},
      YEAR = {2003},
     PAGES = {xii+344},
      ISBN = {0-8218-3408-8},
   MRCLASS = {46A40 (46N10 91B50)},
  MRNUMBER = {2011364},
MRREVIEWER = {Pedro Jim\'{e}nez Guerra},
       DOI = {10.1090/surv/105},
       URL = {https://doi-org.colorado.idm.oclc.org/10.1090/surv/105},
}
		
@article {MR1932649,
    AUTHOR = {Aliprantis, C. D. and Cornet, B. and Tourky, R.},
     TITLE = {Economic equilibrium: optimality and price decentralization},
      NOTE = {Special issue of the mathematical economics},
   JOURNAL = {Positivity},
  FJOURNAL = {Positivity. An International Journal devoted to the Theory and
              Applications of Positivity in Analysis},
    VOLUME = {6},
      YEAR = {2002},
    NUMBER = {3},
     PAGES = {205--241},
      ISSN = {1385-1292},
   MRCLASS = {90C47 (91B50)},
  MRNUMBER = {1932649},
MRREVIEWER = {Xie Ping Ding},
       DOI = {10.1023/A:1020240410066},
       URL = {https://doi-org.colorado.idm.oclc.org/10.1023/A:1020240410066},
}
		
@article {MR1930628,
    AUTHOR = {Aliprantis, Charalambos D. and Polyrakis, Yiannis A. and
              Tourky, Rabee},
     TITLE = {The cheapest hedge},
   JOURNAL = {J. Math. Econom.},
  FJOURNAL = {Journal of Mathematical Economics},
    VOLUME = {37},
      YEAR = {2002},
    NUMBER = {4},
     PAGES = {269--295},
      ISSN = {0304-4068},
   MRCLASS = {91B28 (90C05)},
  MRNUMBER = {1930628},
MRREVIEWER = {George Stoica},
       DOI = {10.1016/S0304-4068(02)00034-4},
       URL = {https://doi-org.colorado.idm.oclc.org/10.1016/S0304-4068(02)00034-4},
}
		
@article {MR1923011,
    AUTHOR = {Aliprantis, Charalambos D. and Tourky, Rabee},
     TITLE = {Markets that don't replicate any option},
   JOURNAL = {Econom. Lett.},
  FJOURNAL = {Economics Letters},
    VOLUME = {76},
      YEAR = {2002},
    NUMBER = {3},
     PAGES = {443--447},
      ISSN = {0165-1765},
   MRCLASS = {91B26 (91B28)},
  MRNUMBER = {1923011},
       DOI = {10.1016/S0165-1765(02)00084-8},
       URL = {https://doi-org.colorado.idm.oclc.org/10.1016/S0165-1765(02)00084-8},
}
		
@book {MR1921783,
    AUTHOR = {Abramovich, Y. A. and Aliprantis, C. D.},
     TITLE = {Problems in operator theory},
    SERIES = {Graduate Studies in Mathematics},
    VOLUME = {51},
 PUBLISHER = {American Mathematical Society, Providence, RI},
      YEAR = {2002},
     PAGES = {xii+386},
      ISBN = {0-8218-2147-4},
   MRCLASS = {47B60 (46-01 46B42 46Bxx 47-01 47Axx)},
  MRNUMBER = {1921783},
MRREVIEWER = {Anthony W. Wickstead},
       DOI = {10.1090/gsm/051},
       URL = {https://doi-org.colorado.idm.oclc.org/10.1090/gsm/051},
}
		
@book {MR1921782,
    AUTHOR = {Abramovich, Y. A. and Aliprantis, C. D.},
     TITLE = {An invitation to operator theory},
    SERIES = {Graduate Studies in Mathematics},
    VOLUME = {50},
 PUBLISHER = {American Mathematical Society, Providence, RI},
      YEAR = {2002},
     PAGES = {xiv+530},
      ISBN = {0-8218-2146-6},
   MRCLASS = {47B60 (46-01 46B42 46Bxx 47-01 47Axx)},
  MRNUMBER = {1921782},
MRREVIEWER = {Anthony W. Wickstead},
       DOI = {10.1090/gsm/050},
       URL = {https://doi-org.colorado.idm.oclc.org/10.1090/gsm/050},
}
		
@article {MR1881030,
    AUTHOR = {Aliprantis, Charalambos D. and Tourky, Rabee},
     TITLE = {The super order dual of an ordered vector space and the
              {R}iesz-{K}antorovich formula},
   JOURNAL = {Trans. Amer. Math. Soc.},
  FJOURNAL = {Transactions of the American Mathematical Society},
    VOLUME = {354},
      YEAR = {2002},
    NUMBER = {5},
     PAGES = {2055--2077},
      ISSN = {0002-9947},
   MRCLASS = {46A40 (46A20 47B60 91B50)},
  MRNUMBER = {1881030},
       DOI = {10.1090/S0002-9947-01-02925-7},
       URL = {https://doi-org.colorado.idm.oclc.org/10.1090/S0002-9947-01-02925-7},
}
		
@incollection {MR1863690,
    AUTHOR = {Abramovich, Y. A. and Aliprantis, C. D.},
     TITLE = {Positive operators},
 BOOKTITLE = {Handbook of the geometry of {B}anach spaces, {V}ol. {I}},
     PAGES = {85--122},
 PUBLISHER = {North-Holland, Amsterdam},
      YEAR = {2001},
   MRCLASS = {47B65 (46B42 47-02)},
  MRNUMBER = {1863690},
MRREVIEWER = {Peter Meyer-Nieberg},
       DOI = {10.1016/S1874-5849(01)80004-8},
       URL = {https://doi-org.colorado.idm.oclc.org/10.1016/S1874-5849(01)80004-8},
}
		
@article {MR1851052,
    AUTHOR = {Aliprantis, Charalambos D. and Tourky, Rabee and Yannelis,
              Nicholas C.},
     TITLE = {A theory of value with non-linear prices. {E}quilibrium
              analysis beyond vector lattices},
   JOURNAL = {J. Econom. Theory},
  FJOURNAL = {Journal of Economic Theory},
    VOLUME = {100},
      YEAR = {2001},
    NUMBER = {1},
     PAGES = {22--72},
      ISSN = {0022-0531},
   MRCLASS = {91B24},
  MRNUMBER = {1851052},
       DOI = {10.1006/jeth.2000.2721},
       URL = {https://doi-org.colorado.idm.oclc.org/10.1006/jeth.2000.2721},
}
		
@article {MR1784571,
    AUTHOR = {Aliprantis, C. D. and Brown, D. J. and Werner, J.},
     TITLE = {Minimum-cost portfolio insurance},
      NOTE = {Computational aspects of complex securities},
   JOURNAL = {J. Econom. Dynam. Control},
  FJOURNAL = {Journal of Economic Dynamics \& Control},
    VOLUME = {24},
      YEAR = {2000},
    NUMBER = {11-12},
     PAGES = {1703--1719},
      ISSN = {0165-1889},
   MRCLASS = {91B28 (91B30)},
  MRNUMBER = {1784571},
       DOI = {10.1016/S0165-1889(99)00091-3},
       URL = {https://doi-org.colorado.idm.oclc.org/10.1016/S0165-1889(99)00091-3},
}
		
@article {MR1763019,
    AUTHOR = {Aliprantis, Charalambos D. and Tourky, Rabee and Yannelis,
              Nicholas C.},
     TITLE = {Cone conditions in general equilibrium theory},
   JOURNAL = {J. Econom. Theory},
  FJOURNAL = {Journal of Economic Theory},
    VOLUME = {92},
      YEAR = {2000},
    NUMBER = {1},
     PAGES = {96--121},
      ISSN = {0022-0531},
   MRCLASS = {91B50},
  MRNUMBER = {1763019},
MRREVIEWER = {Anton S. Mure\c{s}an},
       DOI = {10.1006/jeth.1999.2622},
       URL = {https://doi-org.colorado.idm.oclc.org/10.1006/jeth.1999.2622},
}
		
@article {MR1762979,
    AUTHOR = {Aliprantis, C. D. and Tourky, R. and Yannelis, N. C.},
     TITLE = {The {R}iesz-{K}antorovich formula and general equilibrium
              theory},
   JOURNAL = {J. Math. Econom.},
  FJOURNAL = {Journal of Mathematical Economics},
    VOLUME = {34},
      YEAR = {2000},
    NUMBER = {1},
     PAGES = {55--76},
      ISSN = {0304-4068},
   MRCLASS = {91B52 (90C48 91B02)},
  MRNUMBER = {1762979},
MRREVIEWER = {Anton S. Mure\c{s}an},
       DOI = {10.1016/S0304-4068(99)00041-5},
       URL = {https://doi-org.colorado.idm.oclc.org/10.1016/S0304-4068(99)00041-5},
}
		
@book {MR1742781,
    AUTHOR = {Aliprantis, Charalambos D. and Chakrabarti, Subir K.},
     TITLE = {Games and decision making},
 PUBLISHER = {Oxford University Press, New York},
      YEAR = {2000},
     PAGES = {xiv+257},
      ISBN = {0-19-512609-2},
   MRCLASS = {91A35 (91-01 91B06)},
  MRNUMBER = {1742781},
MRREVIEWER = {Akira Okada},
}
		
@book {MR1742780,
    AUTHOR = {Aliprantis, Charalambos D. and Chakrabarti, Subir K.},
     TITLE = {Solutions manual for {\it {G}ames and decision making}},
 PUBLISHER = {Oxford University Press, New York},
      YEAR = {2000},
     PAGES = {vi+209},
      ISBN = {0-19-513369-2},
   MRCLASS = {91A35 (91-01 91B06)},
  MRNUMBER = {1742780},
MRREVIEWER = {Akira Okada},
}
		
@article {MR1816212,
    AUTHOR = {Abramovich, Y. A. and Aliprantis, C. D. and Burkinshaw, O. and
              Wickstead, A. W.},
     TITLE = {A characterization of compact-friendly multiplication
              operators},
   JOURNAL = {Indag. Math. (N.S.)},
  FJOURNAL = {Koninklijke Nederlandse Akademie van Wetenschappen.
              Indagationes Mathematicae. New Series},
    VOLUME = {10},
      YEAR = {1999},
    NUMBER = {2},
     PAGES = {161--171},
      ISSN = {0019-3577},
   MRCLASS = {47B38 (47B60)},
  MRNUMBER = {1816212},
MRREVIEWER = {Vladimir Bolotnikov},
       DOI = {10.1016/S0019-3577(99)80013-5},
       URL = {https://doi-org.colorado.idm.oclc.org/10.1016/S0019-3577(99)80013-5},
}
		
@book {MR1717083,
    AUTHOR = {Aliprantis, Charalambos D. and Border, Kim C.},
     TITLE = {Infinite-dimensional analysis},
   EDITION = {Second},
      NOTE = {A hitchhiker's guide},
 PUBLISHER = {Springer-Verlag, Berlin},
      YEAR = {1999},
     PAGES = {xx+672},
      ISBN = {3-540-65854-8},
   MRCLASS = {46-01 (00A05 28-01 46N10 47-01 54-01)},
  MRNUMBER = {1717083},
       DOI = {10.1007/978-3-662-03961-8},
       URL = {https://doi-org.colorado.idm.oclc.org/10.1007/978-3-662-03961-8},
}
		
@article {MR1705434,
    AUTHOR = {Aliprantis, Charalambos D.},
     TITLE = {On the backward induction method},
   JOURNAL = {Econom. Lett.},
  FJOURNAL = {Economics Letters},
    VOLUME = {64},
      YEAR = {1999},
    NUMBER = {2},
     PAGES = {125--131},
      ISSN = {0165-1765},
   MRCLASS = {91A10 (91A24)},
  MRNUMBER = {1705434},
MRREVIEWER = {O. A. Malafeyev},
       DOI = {10.1016/S0165-1765(99)00068-3},
       URL = {https://doi-org.colorado.idm.oclc.org/10.1016/S0165-1765(99)00068-3},
}
		
@book {MR1655903,
    AUTHOR = {Aliprantis, Charalambos D. and Burkinshaw, Owen},
     TITLE = {Problems in real analysis},
   EDITION = {Second},
      NOTE = {A workbook with solutions},
 PUBLISHER = {Academic Press, Inc., San Diego, CA},
      YEAR = {1999},
     PAGES = {viii+403},
      ISBN = {0-12-050253-4},
   MRCLASS = {28-01 (00A07 26-01)},
  MRNUMBER = {1655903},
}
		
@article{MR1696022,
    AUTHOR = {Abramovich, Y. A. and Aliprantis, C. D. and Burkinshaw, O.},
     TITLE = {The invariant subspace problem: some recent advances},
      NOTE = {Workshop on Measure Theory and Real Analysis (Italian) (Grado,
              1995)},
   JOURNAL = {Rend. Istit. Mat. Univ. Trieste},
  FJOURNAL = {Rendiconti dell'Istituto di Matematica dell'Universit\`a di
              Trieste. An International Journal of Mathematics},
    VOLUME = {29},
      YEAR = {1998},
    NUMBER = {suppl.},
     PAGES = {3--79 (1999)},
      ISSN = {0049-4704},
   MRCLASS = {47B60 (46B42 47A15 47B65)},
  MRNUMBER = {1696022},
MRREVIEWER = {P. Rosenthal},
}
		
@book{MR1669668,
    AUTHOR = {Aliprantis, Charalambos D. and Burkinshaw, Owen},
     TITLE = {Principles of real analysis},
   EDITION = {Third},
 PUBLISHER = {Academic Press, Inc., San Diego, CA},
      YEAR = {1998},
     PAGES = {xii+415},
      ISBN = {0-12-050257-7},
   MRCLASS = {28-01 (00A07 26-01)},
  MRNUMBER = {1669668},
}
		
@article {MR1665927,
    AUTHOR = {Aliprantis, C. D. and Brown, D. J. and Polyrakis, I. A. and
              Werner, J.},
     TITLE = {Yudin cones and inductive limit topologies},
   JOURNAL = {Atti Sem. Mat. Fis. Univ. Modena},
  FJOURNAL = {Atti del Seminario Matematico e Fisico dell'Universit\`a di
              Modena},
    VOLUME = {46},
      YEAR = {1998},
    NUMBER = {2},
     PAGES = {389--412},
      ISSN = {0041-8986},
   MRCLASS = {91B52 (46A13 46N10 91B24)},
  MRNUMBER = {1665927},
MRREVIEWER = {Dave Furth},
}
		
@article {MR1655914,
    AUTHOR = {Aliprantis, C. D. and Brown, D. J. and Polyrakis, I. A. and
              Werner, J.},
     TITLE = {Portfolio dominance and optimality in infinite security
              markets},
   JOURNAL = {J. Math. Econom.},
  FJOURNAL = {Journal of Mathematical Economics},
    VOLUME = {30},
      YEAR = {1998},
    NUMBER = {3},
     PAGES = {347--366},
      ISSN = {0304-4068},
   MRCLASS = {91B28 (91B50)},
  MRNUMBER = {1655914},
MRREVIEWER = {Diethard Pallaschke},
       DOI = {10.1016/S0304-4068(97)00038-4},
       URL = {https://doi-org.colorado.idm.oclc.org/10.1016/S0304-4068(97)00038-4},
}
		
@article {MR1658340,
    AUTHOR = {Abramovich, Y. A. and Aliprantis, C. D. and Burkinshaw, O.},
     TITLE = {Multiplication and compact-friendly operators},
   JOURNAL = {Positivity},
  FJOURNAL = {Positivity. An International Journal devoted to the Theory and
              Applications of Positivity in Analysis},
    VOLUME = {1},
      YEAR = {1997},
    NUMBER = {2},
     PAGES = {171--180},
      ISSN = {1385-1292},
   MRCLASS = {47B60 (47A15 47B65)},
  MRNUMBER = {1658340},
MRREVIEWER = {Gerard Buskes},
       DOI = {10.1023/A:1009781922898},
       URL = {https://doi-org.colorado.idm.oclc.org/10.1023/A:1009781922898},
}
		
@article {MR1486484,
    AUTHOR = {Aliprantis, Charalambos D.},
     TITLE = {Separable utility functions},
   JOURNAL = {J. Math. Econom.},
  FJOURNAL = {Journal of Mathematical Economics},
    VOLUME = {28},
      YEAR = {1997},
    NUMBER = {4},
     PAGES = {415--444},
      ISSN = {0304-4068},
   MRCLASS = {90A10},
  MRNUMBER = {1486484},
MRREVIEWER = {K. Zimmermann},
       DOI = {10.1016/S0304-4068(97)00805-7},
       URL = {https://doi-org.colorado.idm.oclc.org/10.1016/S0304-4068(97)00805-7},
}
		
@article {MR1455767,
    AUTHOR = {Aliprantis, Charalambos D.},
     TITLE = {On the {M}as-{C}olell--{R}ichard equilibrium theorem},
   JOURNAL = {J. Econom. Theory},
  FJOURNAL = {Journal of Economic Theory},
    VOLUME = {74},
      YEAR = {1997},
    NUMBER = {2},
     PAGES = {414--424},
      ISSN = {0022-0531},
   MRCLASS = {90A14 (90A15)},
  MRNUMBER = {1455767},
MRREVIEWER = {Andrzej Wieczorek},
       DOI = {10.1006/jeth.1996.2257},
       URL = {https://doi-org.colorado.idm.oclc.org/10.1006/jeth.1996.2257},
}
		
@article {MR1448834,
    AUTHOR = {Aliprantis, Charalambos D. and Border, Kim C. and Burkinshaw,
              Owen},
     TITLE = {Economies with many commodities},
   JOURNAL = {J. Econom. Theory},
  FJOURNAL = {Journal of Economic Theory},
    VOLUME = {74},
      YEAR = {1997},
    NUMBER = {1},
     PAGES = {62--105},
      ISSN = {0022-0531},
   MRCLASS = {90A58},
  MRNUMBER = {1448834},
MRREVIEWER = {Jacques F. Bair},
       DOI = {10.1006/jeth.1996.2240},
       URL = {https://doi-org.colorado.idm.oclc.org/10.1006/jeth.1996.2240},
}
		
@article {MR1623413,
    AUTHOR = {Aliprantis, Charalambos D. and Border, Kim C. and Burkinshaw,
              Owen},
     TITLE = {Market economies with many commodities},
   JOURNAL = {Riv. Mat. Sci. Econom. Social.},
  FJOURNAL = {Rivista di Matematica per le Scienze Economiche e Sociali},
    VOLUME = {19},
      YEAR = {1996},
    NUMBER = {1-2},
     PAGES = {113--185},
      ISSN = {1127-1035},
   MRCLASS = {90A14 (46N10)},
  MRNUMBER = {1623413},
MRREVIEWER = {Diethard Pallaschke},
       DOI = {10.1007/BF02441265},
       URL = {https://doi-org.colorado.idm.oclc.org/10.1007/BF02441265},
}
		
@book {MR1477153,
    AUTHOR = {Aliprantis, Charalambos D.},
     TITLE = {Problems in equilibrium theory},
 PUBLISHER = {Springer-Verlag, Berlin},
      YEAR = {1996},
     PAGES = {viii+248},
      ISBN = {3-540-60753-6},
   MRCLASS = {90A14 (46N10)},
  MRNUMBER = {1477153},
MRREVIEWER = {Jeffrey L. Coles},
       DOI = {10.1007/978-3-662-03233-6},
       URL = {https://doi-org.colorado.idm.oclc.org/10.1007/978-3-662-03233-6},
}
		
@article {MR1428776,
    AUTHOR = {Abramovich, Y. A. and Aliprantis, C. D. and Polyrakis, I. A.},
     TITLE = {Some remarks on surjective and bounded below operators},
   JOURNAL = {Atti Sem. Mat. Fis. Univ. Modena},
  FJOURNAL = {Atti del Seminario Matematico e Fisico dell'Universit\`a di
              Modena},
    VOLUME = {44},
      YEAR = {1996},
    NUMBER = {2},
     PAGES = {455--464},
      ISSN = {0041-8986},
   MRCLASS = {47A05 (47A10)},
  MRNUMBER = {1428776},
MRREVIEWER = {R. W. Cross},
}
		
@incollection {MR1358140,
    AUTHOR = {Abramovich, Yuri A. and Aliprantis, C. D. and Burkinshaw, O.},
     TITLE = {Local quasinilpotence, cycles, and invariant subspaces},
 BOOKTITLE = {Interaction between functional analysis, harmonic analysis,
              and probability ({C}olumbia, {MO}, 1994)},
    SERIES = {Lecture Notes in Pure and Appl. Math.},
    VOLUME = {175},
     PAGES = {1--12},
 PUBLISHER = {Dekker, New York},
      YEAR = {1996},
   MRCLASS = {47A15 (47A99 47B37 47B65)},
  MRNUMBER = {1358140},
MRREVIEWER = {George Popescu},
}
		
@article {MR1331491,
    AUTHOR = {Abramovich, Y. A. and Aliprantis, C. D. and Zame, W. R.},
     TITLE = {A representation theorem for {R}iesz spaces and its
              applications to economics},
   JOURNAL = {Econom. Theory},
  FJOURNAL = {Economic Theory},
    VOLUME = {5},
      YEAR = {1995},
    NUMBER = {3},
     PAGES = {527--535},
      ISSN = {0938-2259},
   MRCLASS = {90A14 (46A40 46N10)},
  MRNUMBER = {1331491},
MRREVIEWER = {Nicholas C. Yannelis},
       DOI = {10.1007/BF01212332},
       URL = {https://doi-org.colorado.idm.oclc.org/10.1007/BF01212332},
}
		
@incollection {MR1322497,
    AUTHOR = {Abramovich, Y. A. and Aliprantis, C. D. and Burkinshaw, O.},
     TITLE = {Another characterization of the invariant subspace problem},
 BOOKTITLE = {Operator theory in function spaces and {B}anach lattices},
    SERIES = {Oper. Theory Adv. Appl.},
    VOLUME = {75},
     PAGES = {15--31},
 PUBLISHER = {Birkh\"{a}user, Basel},
      YEAR = {1995},
   MRCLASS = {47A15 (46E40 47D30)},
  MRNUMBER = {1322497},
MRREVIEWER = {Hari Bercovici},
}
		
@article {MR1242069,
    AUTHOR = {Abramovich, Y. A. and Aliprantis, C. D. and Burkinshaw, O.},
     TITLE = {Invariant subspaces for positive operators acting on a
              {B}anach space with basis},
   JOURNAL = {Proc. Amer. Math. Soc.},
  FJOURNAL = {Proceedings of the American Mathematical Society},
    VOLUME = {123},
      YEAR = {1995},
    NUMBER = {6},
     PAGES = {1773--1777},
      ISSN = {0002-9939},
   MRCLASS = {47A15 (47B65)},
  MRNUMBER = {1242069},
       DOI = {10.2307/2160990},
       URL = {https://doi-org.colorado.idm.oclc.org/10.2307/2160990},
}
		
@article {MR1369036,
    AUTHOR = {Abramovich, Y. A. and Aliprantis, C. D. and Polyrakis, I. A.},
     TITLE = {Lattice-subspaces and positive projections},
   JOURNAL = {Proc. Roy. Irish Acad. Sect. A},
  FJOURNAL = {Proceedings of the Royal Irish Academy. Section A.
              Mathematical and Physical Sciences},
    VOLUME = {94},
      YEAR = {1994},
    NUMBER = {2},
     PAGES = {237--253},
      ISSN = {0035-8975},
   MRCLASS = {46A40 (46N10 47B65 90A14)},
  MRNUMBER = {1369036},
MRREVIEWER = {Ioan Mircea Popovici},
}
		
@book {MR1321140,
    AUTHOR = {Aliprantis, Charalambos D. and Border, Kim C.},
     TITLE = {Infinite-dimensional analysis},
    SERIES = {Studies in Economic Theory},
    VOLUME = {4},
      NOTE = {A hitchhiker's guide},
 PUBLISHER = {Springer-Verlag, Berlin},
      YEAR = {1994},
     PAGES = {xviii+603},
      ISBN = {3-540-58308-4},
   MRCLASS = {46-01 (00A05 28-01 46N10 47N10 54-01 60-01 90-01)},
  MRNUMBER = {1321140},
MRREVIEWER = {A. V. Bukhvalov},
       DOI = {10.1007/978-3-662-03004-2},
       URL = {https://doi-org.colorado.idm.oclc.org/10.1007/978-3-662-03004-2},
}
		
@article {MR1284604,
    AUTHOR = {Abramovich, Y. A. and Aliprantis, C. D. and Burkinshaw, O.},
     TITLE = {Invariant subspace theorems for positive operators},
   JOURNAL = {J. Funct. Anal.},
  FJOURNAL = {Journal of Functional Analysis},
    VOLUME = {124},
      YEAR = {1994},
    NUMBER = {1},
     PAGES = {95--111},
      ISSN = {0022-1236},
   MRCLASS = {47A15 (47B65)},
  MRNUMBER = {1284604},
MRREVIEWER = {George Popescu},
       DOI = {10.1006/jfan.1994.1099},
       URL = {https://doi-org.colorado.idm.oclc.org/10.1006/jfan.1994.1099},
}
		
@article {MR1254819,
    AUTHOR = {Abramovich, Y. A. and Aliprantis, C. D. and Burkinshaw, O.},
     TITLE = {Corrigendum: ``{O}n the spectral radius of positive
              operators'' [{M}ath. {Z}. {\bf 211} (1992), no. 4, 593--607;
              {MR}1191098 (94a:47064)]},
   JOURNAL = {Math. Z.},
  FJOURNAL = {Mathematische Zeitschrift},
    VOLUME = {215},
      YEAR = {1994},
    NUMBER = {1},
     PAGES = {167--168},
      ISSN = {0025-5874},
   MRCLASS = {47B65 (47A10)},
  MRNUMBER = {1254819},
MRREVIEWER = {Anton Schep},
       DOI = {10.1007/BF02571705},
       URL = {https://doi-org.colorado.idm.oclc.org/10.1007/BF02571705},
}
		
@article {MR1234398,
    AUTHOR = {Abramovich, Y. A. and Aliprantis, C. D. and Burkinshaw, O.},
     TITLE = {Invariant subspaces of operators on {$l_p$}-spaces},
   JOURNAL = {J. Funct. Anal.},
  FJOURNAL = {Journal of Functional Analysis},
    VOLUME = {115},
      YEAR = {1993},
    NUMBER = {2},
     PAGES = {418--424},
      ISSN = {0022-1236},
   MRCLASS = {47A15 (47B37)},
  MRNUMBER = {1234398},
MRREVIEWER = {Aharon Atzmon},
       DOI = {10.1006/jfan.1993.1097},
       URL = {https://doi-org.colorado.idm.oclc.org/10.1006/jfan.1993.1097},
}
		
@article {MR1231508,
    AUTHOR = {Abramovich, Y. A. and Aliprantis, C. D. and Burkinshaw, O.},
     TITLE = {An elementary proof of {D}ouglas' theorem on contractive
              projections on {$L_1$}-spaces},
   JOURNAL = {J. Math. Anal. Appl.},
  FJOURNAL = {Journal of Mathematical Analysis and Applications},
    VOLUME = {177},
      YEAR = {1993},
    NUMBER = {2},
     PAGES = {641--644},
      ISSN = {0022-247X},
   MRCLASS = {47B38 (46E30)},
  MRNUMBER = {1231508},
MRREVIEWER = {S. J. Bernau},
       DOI = {10.1006/jmaa.1993.1284},
       URL = {https://doi-org.colorado.idm.oclc.org/10.1006/jmaa.1993.1284},
}
		
@article {MR1225696,
    AUTHOR = {Schmidt, David R. and Aliprantis, Charalambos D.},
     TITLE = {Price dynamics in overlapping generations environments},
   JOURNAL = {Econom. Theory},
  FJOURNAL = {Economic Theory},
    VOLUME = {3},
      YEAR = {1993},
    NUMBER = {3},
     PAGES = {541--563},
      ISSN = {0938-2259},
   MRCLASS = {90A14 (90A16)},
  MRNUMBER = {1225696},
MRREVIEWER = {Christian Gilles},
       DOI = {10.1007/BF01209701},
       URL = {https://doi-org.colorado.idm.oclc.org/10.1007/BF01209701},
}
		
@article {MR1191098,
    AUTHOR = {Abramovich, Y. A. and Aliprantis, C. D. and Burkinshaw, O.},
     TITLE = {On the spectral radius of positive operators},
   JOURNAL = {Math. Z.},
  FJOURNAL = {Mathematische Zeitschrift},
    VOLUME = {211},
      YEAR = {1992},
    NUMBER = {4},
     PAGES = {593--607},
      ISSN = {0025-5874},
   MRCLASS = {47B65 (47A10)},
  MRNUMBER = {1191098},
MRREVIEWER = {Anton Schep},
       DOI = {10.1007/BF02571448},
       URL = {https://doi-org.colorado.idm.oclc.org/10.1007/BF02571448},
}
		
@article {MR1184872,
    AUTHOR = {Abramovich, Y. A. and Aliprantis, C. D. and Burkinshaw, O.},
     TITLE = {Positive operators on {K}re\u{\i}n spaces},
      NOTE = {Positive operators and semigroups on Banach lattices (Cura\c{c}ao,
              1990)},
   JOURNAL = {Acta Appl. Math.},
  FJOURNAL = {Acta Applicandae Mathematicae},
    VOLUME = {27},
      YEAR = {1992},
    NUMBER = {1-2},
     PAGES = {1--22},
      ISSN = {0167-8019},
   MRCLASS = {47B60 (46C20)},
  MRNUMBER = {1184872},
MRREVIEWER = {Peter Meyer-Nieberg},
       DOI = {10.1007/BF00046631},
       URL = {https://doi-org.colorado.idm.oclc.org/10.1007/BF00046631},
}
		
@incollection {MR1307428,
    AUTHOR = {Abramovich, Y. A. and Aliprantis, C. D. and Burkinshaw, O.},
     TITLE = {Irreducible positive operators and hyperinvariant ideals
              [{Z}bl 772:47018]},
 BOOKTITLE = {Positive operators, {R}iesz spaces, and economics ({P}asadena,
              {CA}, 1990)},
     PAGES = {225--229},
 PUBLISHER = {Springer, Berlin},
      YEAR = {1991},
   MRCLASS = {47B65 (47A10 47A15)},
  MRNUMBER = {1307428},
}
		
@incollection {MR1307417,
    AUTHOR = {Aliprantis, C. D. and Brown, D. J. and Burkinshaw, O.},
     TITLE = {Valuation and optimality in exchange economies with a
              countable number of agents [{Z}bl 761:90013]},
 BOOKTITLE = {Positive operators, {R}iesz spaces, and economics ({P}asadena,
              {CA}, 1990)},
     PAGES = {1--21},
 PUBLISHER = {Springer, Berlin},
      YEAR = {1991},
   MRCLASS = {90A53},
  MRNUMBER = {1307417},
}
		
@article {MR1105660,
    AUTHOR = {Abramovich, Y. A. and Aliprantis, C. D. and Burkinshaw, O.},
     TITLE = {The {D}augavet equation in uniformly convex {B}anach spaces},
   JOURNAL = {J. Funct. Anal.},
  FJOURNAL = {Journal of Functional Analysis},
    VOLUME = {97},
      YEAR = {1991},
    NUMBER = {1},
     PAGES = {215--230},
      ISSN = {0022-1236},
   MRCLASS = {47A30 (47B07 47B60)},
  MRNUMBER = {1105660},
MRREVIEWER = {B. de Pagter},
       DOI = {10.1016/0022-1236(91)90021-V},
       URL = {https://doi-org.colorado.idm.oclc.org/10.1016/0022-1236(91)90021-V},
}
		
@article {MR1102548,
    AUTHOR = {Aliprantis, Charalambos D. and Burkinshaw, Owen},
     TITLE = {When is the core equivalence theorem valid?},
   JOURNAL = {Econom. Theory},
  FJOURNAL = {Economic Theory},
    VOLUME = {1},
      YEAR = {1991},
    NUMBER = {2},
     PAGES = {169--182},
      ISSN = {0938-2259},
   MRCLASS = {90A53 (46B42 46N10)},
  MRNUMBER = {1102548},
MRREVIEWER = {Nicholas C. Yannelis},
       DOI = {10.1007/BF01211532},
       URL = {https://doi-org.colorado.idm.oclc.org/10.1007/BF01211532},
}
		
@book {MR1075992,
    AUTHOR = {Aliprantis, Charalambos D. and Brown, Donald J. and
              Burkinshaw, Owen},
     TITLE = {Existence and optimality of competitive equilibria},
 PUBLISHER = {Springer-Verlag, Berlin},
      YEAR = {1990},
     PAGES = {xii+284},
      ISBN = {3-540-52866-0},
   MRCLASS = {90A14 (46N10)},
  MRNUMBER = {1075992},
MRREVIEWER = {Diethard Pallaschke},
       DOI = {10.1007/978-3-642-61521-4},
       URL = {https://doi-org.colorado.idm.oclc.org/10.1007/978-3-642-61521-4},
}
		
@article {MR1051296,
    AUTHOR = {Aliprantis, Charalambos D. and Brown, Donald J. and
              Burkinshaw, Owen},
     TITLE = {Valuation and optimality in the overlapping generations model},
   JOURNAL = {Internat. Econom. Rev.},
  FJOURNAL = {International Economic Review},
    VOLUME = {31},
      YEAR = {1990},
    NUMBER = {2},
     PAGES = {275--288},
      ISSN = {0020-6598},
   MRCLASS = {90A12 (46N10 90A14)},
  MRNUMBER = {1051296},
MRREVIEWER = {Hiroaki Osana},
       DOI = {10.2307/2526839},
       URL = {https://doi-org.colorado.idm.oclc.org/10.2307/2526839},
}
		
@article {MR1048498,
    AUTHOR = {Aliprantis, Charalambos D. and Burkinshaw, Owen},
     TITLE = {An overlapping generations model core equivalence theorem},
   JOURNAL = {J. Econom. Theory},
  FJOURNAL = {Journal of Economic Theory},
    VOLUME = {50},
      YEAR = {1990},
    NUMBER = {2},
     PAGES = {362--380},
      ISSN = {0022-0531},
   MRCLASS = {90A14 (46N10 90A06 90A16)},
  MRNUMBER = {1048498},
MRREVIEWER = {Beth Allen},
       DOI = {10.1016/0022-0531(90)90008-8},
       URL = {https://doi-org.colorado.idm.oclc.org/10.1016/0022-0531(90)90008-8},
}
		
@book {MR1043168,
    AUTHOR = {Aliprantis, Charalambos D. and Burkinshaw, Owen},
     TITLE = {Principles of real analysis},
   EDITION = {Second},
 PUBLISHER = {Academic Press, Inc., Boston, MA},
      YEAR = {1990},
     PAGES = {xii+295},
      ISBN = {0-12-050255-0},
   MRCLASS = {28-01 (00A05 26-01)},
  MRNUMBER = {1043168},
MRREVIEWER = {K. E. Hirst},
}
		
@book {MR1036729,
    AUTHOR = {Aliprantis, Charalambos D. and Burkinshaw, Owen},
     TITLE = {Problems in real analysis},
      NOTE = {A workbook with solutions},
 PUBLISHER = {Academic Press, Inc., Boston, MA},
      YEAR = {1990},
     PAGES = {viii+285},
      ISBN = {0-12-050256-9},
   MRCLASS = {28-01 (00A07 26-01)},
  MRNUMBER = {1036729},
MRREVIEWER = {K. E. Hirst},
}
		
@article {MR1011423,
    AUTHOR = {Aliprantis, Charalambos D. and Brown, Donald J. and
              Burkinshaw, Owen},
     TITLE = {Equilibria in exchange economies with a countable number of
              agents},
   JOURNAL = {J. Math. Anal. Appl.},
  FJOURNAL = {Journal of Mathematical Analysis and Applications},
    VOLUME = {142},
      YEAR = {1989},
    NUMBER = {1},
     PAGES = {250--299},
      ISSN = {0022-247X},
   MRCLASS = {90A14 (46A40 46N10)},
  MRNUMBER = {1011423},
MRREVIEWER = {Diethard Pallaschke},
       DOI = {10.1016/0022-247X(89)90178-9},
       URL = {https://doi-org.colorado.idm.oclc.org/10.1016/0022-247X(89)90178-9},
}
		
@article {MR941880,
    AUTHOR = {Aliprantis, C. D. and Burkinshaw, O.},
     TITLE = {The fundamental theorems of welfare economics without proper
              preferences},
   JOURNAL = {J. Math. Econom.},
  FJOURNAL = {Journal of Mathematical Economics},
    VOLUME = {17},
      YEAR = {1988},
    NUMBER = {1},
     PAGES = {41--54},
      ISSN = {0304-4068},
   MRCLASS = {90A14 (46N05)},
  MRNUMBER = {941880},
MRREVIEWER = {Nicholas C. Yannelis},
       DOI = {10.1016/0304-4068(88)90026-2},
       URL = {https://doi-org.colorado.idm.oclc.org/10.1016/0304-4068(88)90026-2},
}
		
@article {MR919102,
    AUTHOR = {Aliprantis, Charalambos D. and Brown, Donald J. and
              Burkinshaw, Owen},
     TITLE = {Edgeworth equilibria in production economies},
   JOURNAL = {J. Econom. Theory},
  FJOURNAL = {Journal of Economic Theory},
    VOLUME = {43},
      YEAR = {1987},
    NUMBER = {2},
     PAGES = {252--291},
      ISSN = {0022-0531},
   MRCLASS = {90A14 (46N05)},
  MRNUMBER = {919102},
MRREVIEWER = {Diethard Pallaschke},
       DOI = {10.1016/0022-0531(87)90060-3},
       URL = {https://doi-org.colorado.idm.oclc.org/10.1016/0022-0531(87)90060-3},
}
		
@article {MR913363,
    AUTHOR = {Aliprantis, C. D. and Brown, D. J. and Burkinshaw, O.},
     TITLE = {Edgeworth equilibria},
   JOURNAL = {Econometrica},
  FJOURNAL = {Econometrica. Journal of the Econometric Society},
    VOLUME = {55},
      YEAR = {1987},
    NUMBER = {5},
     PAGES = {1109--1137},
      ISSN = {0012-9682},
   MRCLASS = {90A14 (46N05)},
  MRNUMBER = {913363},
MRREVIEWER = {Walter Trockel},
       DOI = {10.2307/1911263},
       URL = {https://doi-org.colorado.idm.oclc.org/10.2307/1911263},
}
		
@article {MR895248,
    AUTHOR = {Aliprantis, C. D. and Burkinshaw, O. and Brown, D. J.},
     TITLE = {An economy with infinite-dimensional commodity space and empty
              core},
   JOURNAL = {Econom. Lett.},
  FJOURNAL = {Economics Letters},
    VOLUME = {23},
      YEAR = {1987},
    NUMBER = {1},
     PAGES = {1--4},
      ISSN = {0165-1765},
   MRCLASS = {90A14 (46N05 90D12)},
  MRNUMBER = {895248},
MRREVIEWER = {Erwin Klein},
       DOI = {10.1016/0165-1765(87)90191-1},
       URL = {https://doi-org.colorado.idm.oclc.org/10.1016/0165-1765(87)90191-1},
}
		
@article {MR842603,
    AUTHOR = {Aliprantis, C. D. and Burkinshaw, O.},
     TITLE = {On the ring ideal generated by a positive operator},
   JOURNAL = {J. Funct. Anal.},
  FJOURNAL = {Journal of Functional Analysis},
    VOLUME = {67},
      YEAR = {1986},
    NUMBER = {1},
     PAGES = {60--72},
      ISSN = {0022-1236},
   MRCLASS = {47B55 (46A40 46B30)},
  MRNUMBER = {842603},
MRREVIEWER = {Peter Dodds},
       DOI = {10.1016/0022-1236(86)90043-1},
       URL = {https://doi-org.colorado.idm.oclc.org/10.1016/0022-1236(86)90043-1},
}
		
@incollection {MR873763,
    AUTHOR = {Aliprantis, C. D. and Brown, D. J. and Burkinshaw, O.},
     TITLE = {Examples of excess demand functions on infinite-dimensional
              commodity spaces},
 BOOKTITLE = {Advances in equilibrium theory ({I}ndianapolis, {I}nd., 1984)},
    SERIES = {Lecture Notes in Econom. and Math. Systems},
    VOLUME = {244},
     PAGES = {131--143},
 PUBLISHER = {Springer, Berlin},
      YEAR = {1985},
   MRCLASS = {90A14 (46A40)},
  MRNUMBER = {873763},
MRREVIEWER = {Carmen Pagliari},
       DOI = {10.1007/978-3-642-51602-3_7},
       URL = {https://doi-org.colorado.idm.oclc.org/10.1007/978-3-642-51602-3_7},
}
		
@book {MR809372,
    AUTHOR = {Aliprantis, Charalambos D. and Burkinshaw, Owen},
     TITLE = {Positive operators},
    SERIES = {Pure and Applied Mathematics},
    VOLUME = {119},
 PUBLISHER = {Academic Press, Inc., Orlando, FL},
      YEAR = {1985},
     PAGES = {xvi+367},
      ISBN = {0-12-050260-7},
   MRCLASS = {47B55 (46-01 46A40 46B30 47-01)},
  MRNUMBER = {809372},
MRREVIEWER = {Yu. A. Abramovich},
}
		
@article {MR780816,
    AUTHOR = {Aliprantis, C. D. and Burkinshaw, O.},
     TITLE = {Projecting onto the band of kernel operators},
   JOURNAL = {Houston J. Math.},
  FJOURNAL = {Houston Journal of Mathematics},
    VOLUME = {11},
      YEAR = {1985},
    NUMBER = {1},
     PAGES = {7--13},
      ISSN = {0362-1588},
   MRCLASS = {47B55 (47D15)},
  MRNUMBER = {780816},
MRREVIEWER = {B. de Pagter},
}
		
@article {MR758314,
    AUTHOR = {Aliprantis, C. D. and Langford, Eric},
     TITLE = {Order completions of {A}rchimedean {R}iesz spaces and
              {$l$}-groups},
   JOURNAL = {Algebra Universalis},
  FJOURNAL = {Algebra Universalis},
    VOLUME = {19},
      YEAR = {1984},
    NUMBER = {2},
     PAGES = {151--159},
      ISSN = {0002-5240},
   MRCLASS = {46A40 (06F20 46M15)},
  MRNUMBER = {758314},
MRREVIEWER = {S. J. Bernau},
       DOI = {10.1007/BF01190426},
       URL = {https://doi-org.colorado.idm.oclc.org/10.1007/BF01190426},
}
		
@article {MR735429,
    AUTHOR = {Aliprantis, C. D. and Burkinshaw, O.},
     TITLE = {Factoring compact and weakly compact operators through
              reflexive {B}anach lattices},
   JOURNAL = {Trans. Amer. Math. Soc.},
  FJOURNAL = {Transactions of the American Mathematical Society},
    VOLUME = {283},
      YEAR = {1984},
    NUMBER = {1},
     PAGES = {369--381},
      ISSN = {0002-9947},
   MRCLASS = {47B05 (47B55)},
  MRNUMBER = {735429},
MRREVIEWER = {Constantin Niculescu},
       DOI = {10.2307/2000010},
       URL = {https://doi-org.colorado.idm.oclc.org/10.2307/2000010},
}
		
@article {MR716274,
    AUTHOR = {Aliprantis, Charalambos D. and Burkinshaw, Owen},
     TITLE = {The components of a positive operator},
   JOURNAL = {Math. Z.},
  FJOURNAL = {Mathematische Zeitschrift},
    VOLUME = {184},
      YEAR = {1983},
    NUMBER = {2},
     PAGES = {245--257},
      ISSN = {0025-5874},
   MRCLASS = {47B55 (46B30)},
  MRNUMBER = {716274},
MRREVIEWER = {W. A. J. Luxemburg},
       DOI = {10.1007/BF01252860},
       URL = {https://doi-org.colorado.idm.oclc.org/10.1007/BF01252860},
}
		
@article {MR701616,
    AUTHOR = {Aliprantis, Charalambos D. and Brown, Donald J.},
     TITLE = {Equilibria in markets with a {R}iesz space of commodities},
   JOURNAL = {J. Math. Econom.},
  FJOURNAL = {Journal of Mathematical Economics},
    VOLUME = {11},
      YEAR = {1983},
    NUMBER = {2},
     PAGES = {189--207},
      ISSN = {0304-4068},
   MRCLASS = {90A14 (46A40 58E17)},
  MRNUMBER = {701616},
MRREVIEWER = {Thomas E. Armstrong},
       DOI = {10.1016/0304-4068(83)90036-8},
       URL = {https://doi-org.colorado.idm.oclc.org/10.1016/0304-4068(83)90036-8},
}
		
@article {MR695585,
    AUTHOR = {Aliprantis, C. D. and Burkinshaw, O.},
     TITLE = {On positive order continuous operators},
   JOURNAL = {Nederl. Akad. Wetensch. Indag. Math.},
  FJOURNAL = {Koninklijke Nederlandse Akademie van Wetenschappen.
              Indagationes Mathematicae},
    VOLUME = {45},
      YEAR = {1983},
    NUMBER = {1},
     PAGES = {1--6},
      ISSN = {0019-3577},
   MRCLASS = {47B55},
  MRNUMBER = {695585},
MRREVIEWER = {W. A. J. Luxemburg},
}
		
@article {MR713144,
    AUTHOR = {Aliprantis, C. D. and Burkinshaw, O.},
     TITLE = {Some remarks on orthomorphisms},
   JOURNAL = {Colloq. Math.},
  FJOURNAL = {Colloquium Mathematicum},
    VOLUME = {47},
      YEAR = {1982},
    NUMBER = {2},
     PAGES = {255--265 (1983)},
      ISSN = {0010-1354},
   MRCLASS = {47B55 (06F20 46A40)},
  MRNUMBER = {713144},
MRREVIEWER = {S. J. Bernau},
       DOI = {10.4064/cm-47-2-255-265},
       URL = {https://doi-org.colorado.idm.oclc.org/10.4064/cm-47-2-255-265},
}
		
@article {MR670929,
    AUTHOR = {Aliprantis, C. D. and Burkinshaw, O.},
     TITLE = {Dunford-{P}ettis operators on {B}anach lattices},
   JOURNAL = {Trans. Amer. Math. Soc.},
  FJOURNAL = {Transactions of the American Mathematical Society},
    VOLUME = {274},
      YEAR = {1982},
    NUMBER = {1},
     PAGES = {227--238},
      ISSN = {0002-9947},
   MRCLASS = {47B55 (46B30 47D15)},
  MRNUMBER = {670929},
MRREVIEWER = {Peter Dodds},
       DOI = {10.2307/1999506},
       URL = {https://doi-org.colorado.idm.oclc.org/10.2307/1999506},
}
		
@article {MR661437,
    AUTHOR = {Aliprantis, C. D. and Burkinshaw, O. and Duhoux, M.},
     TITLE = {Compactness properties of abstract kernel operators},
   JOURNAL = {Pacific J. Math.},
  FJOURNAL = {Pacific Journal of Mathematics},
    VOLUME = {100},
      YEAR = {1982},
    NUMBER = {1},
     PAGES = {1--22},
      ISSN = {0030-8730},
   MRCLASS = {47B55 (46A40)},
  MRNUMBER = {661437},
MRREVIEWER = {Peter Dodds},
       URL = {http://projecteuclid.org.colorado.idm.oclc.org/euclid.pjm/1102725376},
}
		
@article {MR637852,
    AUTHOR = {Aliprantis, C. D. and Burkinshaw, O. and Kranz, P.},
     TITLE = {On lattice properties of the composition operator},
   JOURNAL = {Manuscripta Math.},
  FJOURNAL = {Manuscripta Mathematica},
    VOLUME = {36},
      YEAR = {1981/82},
    NUMBER = {1},
     PAGES = {19--31},
      ISSN = {0025-2611},
   MRCLASS = {47B55 (46A40 46B30)},
  MRNUMBER = {637852},
MRREVIEWER = {W. A. J. Luxemburg},
       DOI = {10.1007/BF01174810},
       URL = {https://doi-org.colorado.idm.oclc.org/10.1007/BF01174810},
}
		
@article {MR627695,
    AUTHOR = {Aliprantis, C. D. and Burkinshaw, O.},
     TITLE = {On weakly compact operators on {B}anach lattices},
   JOURNAL = {Proc. Amer. Math. Soc.},
  FJOURNAL = {Proceedings of the American Mathematical Society},
    VOLUME = {83},
      YEAR = {1981},
    NUMBER = {3},
     PAGES = {573--578},
      ISSN = {0002-9939},
   MRCLASS = {47B55 (46B30)},
  MRNUMBER = {627695},
MRREVIEWER = {W. A. J. Luxemburg},
       DOI = {10.2307/2044122},
       URL = {https://doi-org.colorado.idm.oclc.org/10.2307/2044122},
}
		
@book {MR607327,
    AUTHOR = {Aliprantis, Charalambos D. and Burkinshaw, Owen},
     TITLE = {Principles of real analysis},
 PUBLISHER = {North-Holland Publishing Co., New York-Amsterdam},
      YEAR = {1981},
     PAGES = {xiii+285},
      ISBN = {0-444-00448-3},
   MRCLASS = {28-01 (26-01)},
  MRNUMBER = {607327},
MRREVIEWER = {Dieter Hoffmann},
}
		
@article {MR593826,
    AUTHOR = {Aliprantis, Charalambos D. and Burkinshaw, Owen},
     TITLE = {Positive compact operators on {B}anach lattices},
   JOURNAL = {Math. Z.},
  FJOURNAL = {Mathematische Zeitschrift},
    VOLUME = {174},
      YEAR = {1980},
    NUMBER = {3},
     PAGES = {289--298},
      ISSN = {0025-5874},
   MRCLASS = {47B55 (47B05)},
  MRNUMBER = {593826},
MRREVIEWER = {Peter Dodds},
       DOI = {10.1007/BF01161416},
       URL = {https://doi-org.colorado.idm.oclc.org/10.1007/BF01161416},
}
		
@article {MR576098,
    AUTHOR = {Aliprantis, C. D. and Burkinshaw, O.},
     TITLE = {On the structure of locally solid topologies},
   JOURNAL = {Canad. Math. Bull.},
  FJOURNAL = {Canadian Mathematical Bulletin},
    VOLUME = {23},
      YEAR = {1980},
    NUMBER = {2},
     PAGES = {185--191},
      ISSN = {0008-4395},
   MRCLASS = {46A40},
  MRNUMBER = {576098},
MRREVIEWER = {G. J. O. Jameson},
       DOI = {10.4153/CMB-1980-025-5},
       URL = {https://doi-org.colorado.idm.oclc.org/10.4153/CMB-1980-025-5},
}

@article {MR550659,
    AUTHOR = {Aliprantis, C. D. and Burkinshaw, O.},
     TITLE = {Minimal topologies and {$L_{p}$}-spaces},
   JOURNAL = {Illinois J. Math.},
  FJOURNAL = {Illinois Journal of Mathematics},
    VOLUME = {24},
      YEAR = {1980},
    NUMBER = {1},
     PAGES = {164--172},
      ISSN = {0019-2082},
   MRCLASS = {46A40},
  MRNUMBER = {550659},
MRREVIEWER = {R. J. Nagel},
       URL = {http://projecteuclid.org.colorado.idm.oclc.org/euclid.ijm/1256047804},
}
		
@book {MR0493242,
    AUTHOR = {Aliprantis, Charalambos D. and Burkinshaw, Owen},
     TITLE = {Locally solid {R}iesz spaces},
      NOTE = {Pure and Applied Mathematics, Vol. 76},
 PUBLISHER = {Academic Press [Harcourt Brace Jovanovich, Publishers], New
              York-London},
      YEAR = {1978},
     PAGES = {xii+198},
      ISBN = {0-12-050250-X},
   MRCLASS = {46A40},
  MRNUMBER = {0493242},
MRREVIEWER = {A. C. Zaanen},
}
		
@article {MR0442633,
    AUTHOR = {Aliprantis, C. D. and Burkinshaw, O.},
     TITLE = {On universally complete {R}iesz spaces},
   JOURNAL = {Pacific J. Math.},
  FJOURNAL = {Pacific Journal of Mathematics},
    VOLUME = {71},
      YEAR = {1977},
    NUMBER = {1},
     PAGES = {1--12},
      ISSN = {0030-8730},
   MRCLASS = {46A40},
  MRNUMBER = {0442633},
MRREVIEWER = {A. C. Zaanen},
       URL = {http://projecteuclid.org.colorado.idm.oclc.org/euclid.pjm/1102811629},
}
		
@article {MR0454574,
    AUTHOR = {Aliprantis, C. D. and Burkinshaw, O.},
     TITLE = {Nakano's theorem revisited},
   JOURNAL = {Michigan Math. J.},
  FJOURNAL = {The Michigan Mathematical Journal},
    VOLUME = {23},
      YEAR = {1976},
    NUMBER = {2},
     PAGES = {173--176},
      ISSN = {0026-2285},
   MRCLASS = {46A40},
  MRNUMBER = {0454574},
MRREVIEWER = {Ju. A. Abramovic},
       URL = {http://projecteuclid.org.colorado.idm.oclc.org/euclid.mmj/1029001670},
}
		
@article {MR0385510,
    AUTHOR = {Aliprantis, Charalambos D. and Burkinshaw, Owen},
     TITLE = {A new proof of {N}akano's theorem in locally solid {R}iesz
              spaces},
   JOURNAL = {Math. Z.},
  FJOURNAL = {Mathematische Zeitschrift},
    VOLUME = {144},
      YEAR = {1975},
    NUMBER = {1},
     PAGES = {25--33},
      ISSN = {0025-5874},
   MRCLASS = {46A40},
  MRNUMBER = {0385510},
MRREVIEWER = {D. H. Fremlin},
       DOI = {10.1007/BF01214405},
       URL = {https://doi-org.colorado.idm.oclc.org/10.1007/BF01214405},
}
		
@article {MR0374987,
    AUTHOR = {Aliprantis, Charalambos D.},
     TITLE = {On order properties of order bounded transformations},
   JOURNAL = {Canad. J. Math.},
  FJOURNAL = {Canadian Journal of Mathematics. Journal Canadien de
              Math\'{e}matiques},
    VOLUME = {27},
      YEAR = {1975},
    NUMBER = {3},
     PAGES = {666--678},
      ISSN = {0008-414X},
   MRCLASS = {47B55},
  MRNUMBER = {0374987},
MRREVIEWER = {A. C. Zaanen},
       DOI = {10.4153/CJM-1975-075-8},
       URL = {https://doi-org.colorado.idm.oclc.org/10.4153/CJM-1975-075-8},
}
		
@article {MR0370127,
    AUTHOR = {Langford, E. and Aliprantis, C. D.},
     TITLE = {Regularity properties of quotient {R}iesz seminorms},
   JOURNAL = {Nederl. Akad. Wetensch. Proc. Ser. A {\bf 78}=Indag. Math.},
    VOLUME = {37},
      YEAR = {1975},
     PAGES = {199--212},
   MRCLASS = {46A40},
  MRNUMBER = {0370127},
MRREVIEWER = {W. A. J. Luxemburg},
}
		
@article {MR0350372,
    AUTHOR = {Aliprantis, Charalambos D.},
     TITLE = {On the completion of {H}ausdorff locally solid {R}iesz spaces},
   JOURNAL = {Trans. Amer. Math. Soc.},
  FJOURNAL = {Transactions of the American Mathematical Society},
    VOLUME = {196},
      YEAR = {1974},
     PAGES = {105--125},
      ISSN = {0002-9947},
   MRCLASS = {46A40},
  MRNUMBER = {0350372},
MRREVIEWER = {D. H. Fremlin},
       DOI = {10.2307/1997016},
       URL = {https://doi-org.colorado.idm.oclc.org/10.2307/1997016},
}
		
@article {MR0350371,
    AUTHOR = {Aliprantis, C. D.},
     TITLE = {Riesz seminorms with {F}atou properties},
   JOURNAL = {Proc. Amer. Math. Soc.},
  FJOURNAL = {Proceedings of the American Mathematical Society},
    VOLUME = {45},
      YEAR = {1974},
     PAGES = {383--388},
      ISSN = {0002-9939},
   MRCLASS = {46A40},
  MRNUMBER = {0350371},
MRREVIEWER = {D. H. Fremlin},
       DOI = {10.2307/2039962},
       URL = {https://doi-org.colorado.idm.oclc.org/10.2307/2039962},
}
		
@article {MR0346475,
    AUTHOR = {Aliprantis, C. D. and Langford, Eric},
     TITLE = {Almost {$\sigma $}-{D}edekind complete {R}iesz spaces and the
              main inclusion theorem},
   JOURNAL = {Proc. Amer. Math. Soc.},
  FJOURNAL = {Proceedings of the American Mathematical Society},
    VOLUME = {44},
      YEAR = {1974},
     PAGES = {421--426},
      ISSN = {0002-9939},
   MRCLASS = {46A40},
  MRNUMBER = {0346475},
MRREVIEWER = {R. Cristescu},
       DOI = {10.2307/2040449},
       URL = {https://doi-org.colorado.idm.oclc.org/10.2307/2040449},
}
		
@book {MR2623208,
    AUTHOR = {Aliprantis, Charalambos Dionisios},
     TITLE = {O{N} {ORDER} {AND} {TOPOLOGICAL} {PROPERTIES} {OF} {RIESZ}
              {SPACES}},
      NOTE = {Thesis (Ph.D.)--California Institute of Technology},
 PUBLISHER = {ProQuest LLC, Ann Arbor, MI},
      YEAR = {1973},
     PAGES = {127},
   MRCLASS = {Thesis},
  MRNUMBER = {2623208},
       URL =
              {http://gateway.proquest.com.colorado.idm.oclc.org/openurl?url_ver=Z39.88-2004&rft_val_fmt=info:ofi/fmt:kev:mtx:dissertation&res_dat=xri:pqdiss&rft_dat=xri:pqdiss:7326461},
}
		
@article {MR0320692,
    AUTHOR = {Aliprantis, C. D.},
     TITLE = {Some order and topological properties of locally solid linear
              topological {R}iesz spaces},
   JOURNAL = {Proc. Amer. Math. Soc.},
  FJOURNAL = {Proceedings of the American Mathematical Society},
    VOLUME = {40},
      YEAR = {1973},
     PAGES = {443--447},
      ISSN = {0002-9939},
   MRCLASS = {46A40},
  MRNUMBER = {0320692},
MRREVIEWER = {A. C. Zaanen},
       DOI = {10.2307/2039389},
       URL = {https://doi-org.colorado.idm.oclc.org/10.2307/2039389},
}