@article {MR3806495,
    AUTHOR = {Avigad, Jeremy and Blanchette, Jasmin Christian and Klein,
              Gerwin and Paulson, Lawrence and Popescu, Andrei and Snelting,
              Gregor},
     TITLE = {Introduction to {M}ilestones in interactive theorem proving},
   JOURNAL = {J. Automat. Reason.},
  FJOURNAL = {Journal of Automated Reasoning},
    VOLUME = {61},
      YEAR = {2018},
    NUMBER = {1-4},
     PAGES = {1--8},
      ISSN = {0168-7433},
   MRCLASS = {68-06 (01A70 03B35 68-03 68T15)},
  MRNUMBER = {3806495},
       DOI = {10.1007/s10817-018-9465-5},
       URL = {https://doi-org.colorado.idm.oclc.org/10.1007/s10817-018-9465-5},
}
@article {MR3792862,
    AUTHOR = {Avigad, Jeremy},
     TITLE = {The mechanization of mathematics},
   JOURNAL = {Notices Amer. Math. Soc.},
  FJOURNAL = {Notices of the American Mathematical Society},
    VOLUME = {65},
      YEAR = {2018},
    NUMBER = {6},
     PAGES = {681--690},
      ISSN = {0002-9920},
   MRCLASS = {68T15 (01A05 68Q60)},
  MRNUMBER = {3792862},
}
@article {MR3718212,
    AUTHOR = {Avigad, Jeremy and H\"{o}lzl, Johannes and Serafin, Luke},
     TITLE = {A formally verified proof of the central limit theorem},
   JOURNAL = {J. Automat. Reason.},
  FJOURNAL = {Journal of Automated Reasoning},
    VOLUME = {59},
      YEAR = {2017},
    NUMBER = {4},
     PAGES = {389--423},
      ISSN = {0168-7433},
   MRCLASS = {68T15 (03B35 60F05)},
  MRNUMBER = {3718212},
       DOI = {10.1007/s10817-017-9404-x},
       URL = {https://doi-org.colorado.idm.oclc.org/10.1007/s10817-017-9404-x},
}
@article {MR3585637,
    AUTHOR = {Avigad, Jeremy},
     TITLE = {{\it {L}ogic's lost genius} and {\it {G}entzen's centenary}
              [book reviews of {MR}2363580 and {MR}3408723]},
   JOURNAL = {Notices Amer. Math. Soc.},
  FJOURNAL = {Notices of the American Mathematical Society},
    VOLUME = {63},
      YEAR = {2016},
    NUMBER = {11},
     PAGES = {1288--1292},
      ISSN = {0002-9920},
   MRCLASS = {00A17},
  MRNUMBER = {3585637},
       DOI = {10.1090/noti1451},
       URL = {https://doi-org.colorado.idm.oclc.org/10.1090/noti1451},
}
@article {MR3569167,
    AUTHOR = {Avigad, Jeremy and Morris, Rebecca},
     TITLE = {Character and object},
   JOURNAL = {Rev. Symb. Log.},
  FJOURNAL = {The Review of Symbolic Logic},
    VOLUME = {9},
      YEAR = {2016},
    NUMBER = {3},
     PAGES = {480--510},
      ISSN = {1755-0203},
   MRCLASS = {01A55 (00A35 03A05 11N25)},
  MRNUMBER = {3569167},
MRREVIEWER = {Martin David Davis},
       DOI = {10.1017/S1755020315000398},
       URL = {https://doi-org.colorado.idm.oclc.org/10.1017/S1755020315000398},
}
@article {MR3472695,
    AUTHOR = {Avigad, Jeremy and Lewis, Robert Y. and Roux, Cody},
     TITLE = {A heuristic prover for real inequalities},
   JOURNAL = {J. Automat. Reason.},
  FJOURNAL = {Journal of Automated Reasoning},
    VOLUME = {56},
      YEAR = {2016},
    NUMBER = {3},
     PAGES = {367--386},
      ISSN = {0168-7433},
   MRCLASS = {68T15 (03B35 26D07)},
  MRNUMBER = {3472695},
MRREVIEWER = {Joachim Breitner},
       DOI = {10.1007/s10817-015-9356-y},
       URL = {https://doi-org.colorado.idm.oclc.org/10.1007/s10817-015-9356-y},
}
@incollection {MR3467276,
    AUTHOR = {Avigad, Jeremy},
     TITLE = {Mathematics and language},
 BOOKTITLE = {Mathematics, substance and surmise},
     PAGES = {235--255},
 PUBLISHER = {Springer, Cham},
      YEAR = {2015},
   MRCLASS = {00A30 (00A35 01A05 03A05 03B35)},
  MRNUMBER = {3467276},
MRREVIEWER = {Robert S. D. Thomas},
}
@incollection {MR3446905,
    AUTHOR = {de Moura, Leonardo and Kong, Soonho and Avigad, Jeremy and van
              Doorn, Floris and von Raumer, Jakob},
     TITLE = {The lean theorem prover (system description)},
 BOOKTITLE = {Automated deduction---{CADE} 25},
    SERIES = {Lecture Notes in Comput. Sci.},
    VOLUME = {9195},
     PAGES = {378--388},
 PUBLISHER = {Springer, Cham},
      YEAR = {2015},
   MRCLASS = {03B35 (03B15)},
  MRNUMBER = {3446905},
       DOI = {10.1007/978-3-319-21401-6_26},
       URL = {https://doi-org.colorado.idm.oclc.org/10.1007/978-3-319-21401-6_26},
}
@article {MR3345161,
    AUTHOR = {Avigad, Jeremy and Rute, Jason},
     TITLE = {Oscillation and the mean ergodic theorem for uniformly convex
              {B}anach spaces},
   JOURNAL = {Ergodic Theory Dynam. Systems},
  FJOURNAL = {Ergodic Theory and Dynamical Systems},
    VOLUME = {35},
      YEAR = {2015},
    NUMBER = {4},
     PAGES = {1009--1027},
      ISSN = {0143-3857},
   MRCLASS = {47A35 (37A30)},
  MRNUMBER = {3345161},
MRREVIEWER = {Guy Cohen},
       DOI = {10.1017/etds.2013.90},
       URL = {https://doi-org.colorado.idm.oclc.org/10.1017/etds.2013.90},
}
@article {MR3340534,
    AUTHOR = {Avigad, Jeremy and Kapulkin, Krzysztof and Lumsdaine, Peter
              Lefanu},
     TITLE = {Homotopy limits in type theory},
   JOURNAL = {Math. Structures Comput. Sci.},
  FJOURNAL = {Mathematical Structures in Computer Science. A Journal in the
              Applications of Categorical, Algebraic and Geometric Methods
              in Computer Science},
    VOLUME = {25},
      YEAR = {2015},
    NUMBER = {5},
     PAGES = {1040--1070},
      ISSN = {0960-1295},
   MRCLASS = {03B15 (55U35)},
  MRNUMBER = {3340534},
MRREVIEWER = {Esfandiar Haghverdi},
       DOI = {10.1017/S0960129514000498},
       URL = {https://doi-org.colorado.idm.oclc.org/10.1017/S0960129514000498},
}
@incollection {MR3497657,
    AUTHOR = {Avigad, Jeremy and Brattka, Vasco},
     TITLE = {Computability and analysis: the legacy of {A}lan {T}uring},
 BOOKTITLE = {Turing's legacy: developments from {T}uring's ideas in logic},
    SERIES = {Lect. Notes Log.},
    VOLUME = {42},
     PAGES = {1--47},
 PUBLISHER = {Assoc. Symbol. Logic, La Jolla, CA},
      YEAR = {2014},
   MRCLASS = {03D78 (01A70 03-03 03B70 03F60)},
  MRNUMBER = {3497657},
MRREVIEWER = {Rupert H\"{o}lzl},
}
@article {MR3407913,
    AUTHOR = {Avigad, Jeremy},
     TITLE = {Dense sphere packings: a blueprint for formal proofs [book
              review of {MR}3012355]},
   JOURNAL = {Bull. Symb. Log.},
  FJOURNAL = {The Bulletin of Symbolic Logic},
    VOLUME = {20},
      YEAR = {2014},
    NUMBER = {4},
     PAGES = {500--501},
      ISSN = {1079-8986},
   MRCLASS = {00A17},
  MRNUMBER = {3407913},
       DOI = {10.1017/bsl.2014.35},
       URL = {https://doi-org.colorado.idm.oclc.org/10.1017/bsl.2014.35},
}
@article {MR3235971,
    AUTHOR = {Avigad, Jeremy},
     TITLE = {{\it {A}lan {T}uring: his work and impact} [book review,
              {E}lsevier {S}ci., 2013]},
   JOURNAL = {Notices Amer. Math. Soc.},
  FJOURNAL = {Notices of the American Mathematical Society},
    VOLUME = {61},
      YEAR = {2014},
    NUMBER = {8},
     PAGES = {886--890},
      ISSN = {0002-9920},
   MRCLASS = {00A17},
  MRNUMBER = {3235971},
       DOI = {10.1090/noti1160},
       URL = {https://doi-org.colorado.idm.oclc.org/10.1090/noti1160},
}
@article {MR3200930,
    AUTHOR = {Avigad, Jeremy and Morris, Rebecca},
     TITLE = {The concept of ``character'' in {D}irichlet's theorem on
              primes in an arithmetic progression},
   JOURNAL = {Arch. Hist. Exact Sci.},
  FJOURNAL = {Archive for History of Exact Sciences},
    VOLUME = {68},
      YEAR = {2014},
    NUMBER = {3},
     PAGES = {265--326},
      ISSN = {0003-9519},
   MRCLASS = {11-03 (01-02 11A41 11B25)},
  MRNUMBER = {3200930},
MRREVIEWER = {Jeffrey Paul Wheeler},
       DOI = {10.1007/s00407-013-0126-0},
       URL = {https://doi-org.colorado.idm.oclc.org/10.1007/s00407-013-0126-0},
}
@article {MR3141811,
    AUTHOR = {Avigad, Jeremy and Iovino, Jos\'{e}},
     TITLE = {Ultraproducts and metastability},
   JOURNAL = {New York J. Math.},
  FJOURNAL = {New York Journal of Mathematics},
    VOLUME = {19},
      YEAR = {2013},
     PAGES = {713--727},
      ISSN = {1076-9803},
   MRCLASS = {46B08 (03C20 37A30)},
  MRNUMBER = {3141811},
MRREVIEWER = {Sophie Grivaux},
       URL = {http://p8000-nyjm.albany.edu.colorado.idm.oclc.org/j/2013/19_713.html},
}
@incollection {MR3111271,
    AUTHOR = {Gonthier, Georges and Asperti, Andrea and Avigad, Jeremy and
              et al.},
     TITLE = {A machine-checked proof of the odd order theorem},
 BOOKTITLE = {Interactive theorem proving},
    SERIES = {Lecture Notes in Comput. Sci.},
    VOLUME = {7998},
     PAGES = {163--179},
 PUBLISHER = {Springer, Heidelberg},
      YEAR = {2013},
   MRCLASS = {Expansion},
  MRNUMBER = {3111271},
       DOI = {10.1007/978-3-642-39634-2_14},
       URL = {https://doi-org.colorado.idm.oclc.org/10.1007/978-3-642-39634-2_14},
}
@article {MR3087080,
    AUTHOR = {Avigad, Jeremy},
     TITLE = {Uniform distribution and algorithmic randomness},
   JOURNAL = {J. Symbolic Logic},
  FJOURNAL = {The Journal of Symbolic Logic},
    VOLUME = {78},
      YEAR = {2013},
    NUMBER = {1},
     PAGES = {334--344},
      ISSN = {0022-4812},
   MRCLASS = {03D32 (03D80 11K06)},
  MRNUMBER = {3087080},
MRREVIEWER = {Denis R. Hirschfeldt},
       DOI = {10.2178/jsl.7801230},
       URL = {https://doi-org.colorado.idm.oclc.org/10.2178/jsl.7801230},
}
@inproceedings {MR3050451,
    AUTHOR = {Gao, Sicun and Avigad, Jeremy and Clarke, Edmund M.},
     TITLE = {Delta-decidability over the reals},
 BOOKTITLE = {Proceedings of the 2012 27th {A}nnual {ACM}/{IEEE} {S}ymposium
              on {L}ogic in {C}omputer {S}cience},
     PAGES = {305--314},
 PUBLISHER = {IEEE Computer Soc., Los Alamitos, CA},
      YEAR = {2012},
   MRCLASS = {03B25 (03D78 03F60)},
  MRNUMBER = {3050451},
       DOI = {10.1109/LICS.2012.41},
       URL = {https://doi-org.colorado.idm.oclc.org/10.1109/LICS.2012.41},
}
@incollection {MR2992343,
    AUTHOR = {Gao, Sicun and Avigad, Jeremy and Clarke, Edmund M.},
     TITLE = {{$\delta$}-complete decision procedures for satisfiability
              over the reals},
 BOOKTITLE = {Automated reasoning},
    SERIES = {Lecture Notes in Comput. Sci.},
    VOLUME = {7364},
     PAGES = {286--300},
 PUBLISHER = {Springer, Heidelberg},
      YEAR = {2012},
   MRCLASS = {03B25 (03B35)},
  MRNUMBER = {2992343},
       DOI = {10.1007/978-3-642-31365-3_23},
       URL = {https://doi-org.colorado.idm.oclc.org/10.1007/978-3-642-31365-3_23},
}
@article {MR2981012,
    AUTHOR = {Avigad, Jeremy},
     TITLE = {Uncomputably noisy ergodic limits},
   JOURNAL = {Notre Dame J. Form. Log.},
  FJOURNAL = {Notre Dame Journal of Formal Logic},
    VOLUME = {53},
      YEAR = {2012},
    NUMBER = {3},
     PAGES = {347--350},
      ISSN = {0029-4527},
   MRCLASS = {03F60 (37A25)},
  MRNUMBER = {2981012},
MRREVIEWER = {A. Ku\v{c}era},
       DOI = {10.1215/00294527-1716757},
       URL = {https://doi-org.colorado.idm.oclc.org/10.1215/00294527-1716757},
}
@article {MR2964874,
    AUTHOR = {Avigad, Jeremy and Dean, Edward T. and Rute, Jason},
     TITLE = {Algorithmic randomness, reverse mathematics, and the dominated
              convergence theorem},
   JOURNAL = {Ann. Pure Appl. Logic},
  FJOURNAL = {Annals of Pure and Applied Logic},
    VOLUME = {163},
      YEAR = {2012},
    NUMBER = {12},
     PAGES = {1854--1864},
      ISSN = {0168-0072},
   MRCLASS = {03F35 (03B30 03D32 03F60 28A20)},
  MRNUMBER = {2964874},
MRREVIEWER = {Denis R. Hirschfeldt},
       DOI = {10.1016/j.apal.2012.05.010},
       URL = {https://doi-org.colorado.idm.oclc.org/10.1016/j.apal.2012.05.010},
}
@article {MR2953197,
    AUTHOR = {Avigad, Jeremy},
     TITLE = {Type inference in mathematics},
   JOURNAL = {Bull. Eur. Assoc. Theor. Comput. Sci. EATCS},
  FJOURNAL = {Bulletin of the European Association for Theoretical Computer
              Science. EATCS},
    NUMBER = {106},
      YEAR = {2012},
     PAGES = {78--98},
      ISSN = {0252-9742},
   MRCLASS = {68T15 (03B35)},
  MRNUMBER = {2953197},
}
@article {MR2945823,
    AUTHOR = {Avigad, Jeremy},
     TITLE = {Inverting the {F}urstenberg correspondence},
   JOURNAL = {Discrete Contin. Dyn. Syst.},
  FJOURNAL = {Discrete and Continuous Dynamical Systems. Series A},
    VOLUME = {32},
      YEAR = {2012},
    NUMBER = {10},
     PAGES = {3421--3431},
      ISSN = {1078-0947},
   MRCLASS = {37A05 (03F60 37A15)},
  MRNUMBER = {2945823},
MRREVIEWER = {Randall McCutcheon},
       DOI = {10.3934/dcds.2012.32.3421},
       URL = {https://doi-org.colorado.idm.oclc.org/10.3934/dcds.2012.32.3421},
}
@article {MR2889823,
    AUTHOR = {Avigad, Jeremy and Dean, Edward T. and Rute, Jason},
     TITLE = {A metastable dominated convergence theorem},
   JOURNAL = {J. Log. Anal.},
  FJOURNAL = {Journal of Logic and Analysis},
    VOLUME = {4},
      YEAR = {2012},
     PAGES = {Paper 3, 19},
      ISSN = {1759-9008},
   MRCLASS = {28A20 (03F60)},
  MRNUMBER = {2889823},
MRREVIEWER = {Donald L. Cohn},
       DOI = {10.4115/jla.2012.4.3},
       URL = {https://doi-org.colorado.idm.oclc.org/10.4115/jla.2012.4.3},
}
@article {MR2896087,
    AUTHOR = {Avigad, Jeremy},
     TITLE = {{\it {P}roof and other dilemmas: mathematics and philosophy}
              [book review of MR2435289]},
   JOURNAL = {Notices Amer. Math. Soc.},
  FJOURNAL = {Notices of the American Mathematical Society},
    VOLUME = {58},
      YEAR = {2011},
    NUMBER = {11},
     PAGES = {1580--1584},
      ISSN = {0002-9920},
   MRCLASS = {00A17},
  MRNUMBER = {2896087},
}
@article {MR2817875,
    AUTHOR = {Asperti, Andrea and Avigad, Jeremy},
     TITLE = {Zen and the art of formalisation},
   JOURNAL = {Math. Structures Comput. Sci.},
  FJOURNAL = {Mathematical Structures in Computer Science. A Journal in the
              Applications of Categorical, Algebraic and Geometric Methods
              in Computer Science},
    VOLUME = {21},
      YEAR = {2011},
    NUMBER = {4},
     PAGES = {679--682},
      ISSN = {0960-1295},
   MRCLASS = {03F03 (01A70 03B35)},
  MRNUMBER = {2817875},
       DOI = {10.1017/S0960129511000065},
       URL = {https://doi-org.colorado.idm.oclc.org/10.1017/S0960129511000065},
}
@incollection {MR2856897,
    AUTHOR = {Avigad, Jeremy},
     TITLE = {The computational content of classical arithmetic},
 BOOKTITLE = {Proofs, categories and computations},
    SERIES = {Tributes},
    VOLUME = {13},
     PAGES = {15--30},
 PUBLISHER = {Coll. Publ., London},
      YEAR = {2010},
   MRCLASS = {03F30 (03F10 11U09)},
  MRNUMBER = {2856897},
}
@article {MR2733051,
    AUTHOR = {Avigad, Jeremy and Towsner, Henry},
     TITLE = {Metastability in the {F}urstenberg-{Z}immer tower},
   JOURNAL = {Fund. Math.},
  FJOURNAL = {Fundamenta Mathematicae},
    VOLUME = {210},
      YEAR = {2010},
    NUMBER = {3},
     PAGES = {243--268},
      ISSN = {0016-2736},
   MRCLASS = {37A05 (03E15 03F03 28D05 37A25)},
  MRNUMBER = {2733051},
MRREVIEWER = {Michael H. Schraudner},
       DOI = {10.4064/fm210-3-2},
       URL = {https://doi-org.colorado.idm.oclc.org/10.4064/fm210-3-2},
}
@incollection {MR2668191,
    AUTHOR = {Avigad, Jeremy},
     TITLE = {G\"{o}del and the metamathematical tradition},
 BOOKTITLE = {Kurt {G}\"{o}del: essays for his centennial},
    SERIES = {Lect. Notes Log.},
    VOLUME = {33},
     PAGES = {45--60},
 PUBLISHER = {Assoc. Symbol. Logic, La Jolla, CA},
      YEAR = {2010},
   MRCLASS = {03-03 (01A70)},
  MRNUMBER = {2668191},
       DOI = {10.1017/CBO9780511750762.004},
       URL = {https://doi-org.colorado.idm.oclc.org/10.1017/CBO9780511750762.004},
}
@article {MR2658008,
    AUTHOR = {Avigad, Jeremy},
     TITLE = {{\it {P}lato's ghost: the modernist transformation of
              mathematics} [book review of MR2452344]},
   JOURNAL = {Math. Intelligencer},
  FJOURNAL = {The Mathematical Intelligencer},
    VOLUME = {32},
      YEAR = {2010},
    NUMBER = {2},
     PAGES = {79--81},
      ISSN = {0343-6993},
   MRCLASS = {00A17},
  MRNUMBER = {2658008},
       DOI = {10.1007/s00283-009-9113-3},
       URL = {https://doi-org.colorado.idm.oclc.org/10.1007/s00283-009-9113-3},
}
@article {MR2550151,
    AUTHOR = {Avigad, Jeremy and Gerhardy, Philipp and Towsner, Henry},
     TITLE = {Local stability of ergodic averages},
   JOURNAL = {Trans. Amer. Math. Soc.},
  FJOURNAL = {Transactions of the American Mathematical Society},
    VOLUME = {362},
      YEAR = {2010},
    NUMBER = {1},
     PAGES = {261--288},
      ISSN = {0002-9947},
   MRCLASS = {03F60 (28D05)},
  MRNUMBER = {2550151},
MRREVIEWER = {Josef Berger},
       DOI = {10.1090/S0002-9947-09-04814-4},
       URL = {https://doi-org.colorado.idm.oclc.org/10.1090/S0002-9947-09-04814-4},
}
@article {MR2583927,
    AUTHOR = {Avigad, Jeremy and Dean, Edward and Mumma, John},
     TITLE = {A formal system for {E}uclid's {\it {E}lements}},
   JOURNAL = {Rev. Symb. Log.},
  FJOURNAL = {The Review of Symbolic Logic},
    VOLUME = {2},
      YEAR = {2009},
    NUMBER = {4},
     PAGES = {700--768},
      ISSN = {1755-0203},
   MRCLASS = {51M05 (01A20 03B30 03F05)},
  MRNUMBER = {2583927},
MRREVIEWER = {Victor V. Pambuccian},
       DOI = {10.1017/S1755020309990098},
       URL = {https://doi-org.colorado.idm.oclc.org/10.1017/S1755020309990098},
}
@article {MR2583811,
    AUTHOR = {Avigad, Jeremy and Towsner, Henry},
     TITLE = {Functional interpretation and inductive definitions},
   JOURNAL = {J. Symbolic Logic},
  FJOURNAL = {The Journal of Symbolic Logic},
    VOLUME = {74},
      YEAR = {2009},
    NUMBER = {4},
     PAGES = {1100--1120},
      ISSN = {0022-4812},
   MRCLASS = {03F10 (03F15 03F35)},
  MRNUMBER = {2583811},
MRREVIEWER = {H. Schwichtenberg},
       DOI = {10.2178/jsl/1254748682},
       URL = {https://doi-org.colorado.idm.oclc.org/10.2178/jsl/1254748682},
}
@article {MR2499698,
    AUTHOR = {Avigad, Jeremy},
     TITLE = {The metamathematics of ergodic theory},
   JOURNAL = {Ann. Pure Appl. Logic},
  FJOURNAL = {Annals of Pure and Applied Logic},
    VOLUME = {157},
      YEAR = {2009},
    NUMBER = {2-3},
     PAGES = {64--76},
      ISSN = {0168-0072},
   MRCLASS = {03F03 (03F60 26E40 37A30)},
  MRNUMBER = {2499698},
MRREVIEWER = {Hajime Ishihara},
       DOI = {10.1016/j.apal.2008.09.001},
       URL = {https://doi-org.colorado.idm.oclc.org/10.1016/j.apal.2008.09.001},
}
@article {MR2371488,
    AUTHOR = {Avigad, Jeremy and Donnelly, Kevin and Gray, David and Raff,
              Paul},
     TITLE = {A formally verified proof of the prime number theorem},
   JOURNAL = {ACM Trans. Comput. Log.},
  FJOURNAL = {ACM Transactions on Computational Logic},
    VOLUME = {9},
      YEAR = {2008},
    NUMBER = {1},
     PAGES = {Art. 2, 23},
      ISSN = {1529-3785},
   MRCLASS = {03B35 (11U99 68T15)},
  MRNUMBER = {2371488},
       DOI = {10.1145/1297658.1297660},
       URL = {https://doi-org.colorado.idm.oclc.org/10.1145/1297658.1297660},
}
@article {MR2317583,
    AUTHOR = {Avigad, Jeremy and Donnelly, Kevin},
     TITLE = {A decision procedure for linear ``big {O}'' equations},
   JOURNAL = {J. Automat. Reason.},
  FJOURNAL = {Journal of Automated Reasoning},
    VOLUME = {38},
      YEAR = {2007},
    NUMBER = {4},
     PAGES = {353--373},
      ISSN = {0168-7433},
   MRCLASS = {03B25 (03B35 68Q99)},
  MRNUMBER = {2317583},
       DOI = {10.1007/s10817-007-9066-1},
       URL = {https://doi-org.colorado.idm.oclc.org/10.1007/s10817-007-9066-1},
}
@article {MR2289704,
    AUTHOR = {Avigad, Jeremy and Yin, Yimu},
     TITLE = {Quantifier elimination for the reals with a predicate for the
              powers of two},
   JOURNAL = {Theoret. Comput. Sci.},
  FJOURNAL = {Theoretical Computer Science},
    VOLUME = {370},
      YEAR = {2007},
    NUMBER = {1-3},
     PAGES = {48--59},
      ISSN = {0304-3975},
   MRCLASS = {03C10 (03C60)},
  MRNUMBER = {2289704},
MRREVIEWER = {Mihai D. Prunescu},
       DOI = {10.1016/j.tcs.2006.10.005},
       URL = {https://doi-org.colorado.idm.oclc.org/10.1016/j.tcs.2006.10.005},
}
@article {MR2295781,
    AUTHOR = {Avigad, Jeremy and Friedman, Harvey},
     TITLE = {Combining decision procedures for the reals},
   JOURNAL = {Log. Methods Comput. Sci.},
  FJOURNAL = {Logical Methods in Computer Science},
    VOLUME = {2},
      YEAR = {2006},
    NUMBER = {4},
     PAGES = {4:4, 42},
      ISSN = {1860-5974},
   MRCLASS = {03B25 (03B35 03C10 03D35)},
  MRNUMBER = {2295781},
MRREVIEWER = {Martin Weese},
       DOI = {10.2168/LMCS-2(4:4)2006},
       URL = {https://doi-org.colorado.idm.oclc.org/10.2168/LMCS-2(4:4)2006},
}
@article {MR2295106,
    AUTHOR = {Avigad, Jeremy},
     TITLE = {Mathematical method and proof},
   JOURNAL = {Synthese},
  FJOURNAL = {Synthese. An International Journal for Epistemology,
              Methodology and Philosophy of Science},
    VOLUME = {153},
      YEAR = {2006},
    NUMBER = {1},
     PAGES = {105--159},
      ISSN = {0039-7857},
   MRCLASS = {00A35 (00A30 03A05 03B35 68T15)},
  MRNUMBER = {2295106},
MRREVIEWER = {A. A. Mullin},
       DOI = {10.1007/s11229-005-4064-5},
       URL = {https://doi-org.colorado.idm.oclc.org/10.1007/s11229-005-4064-5},
}
@incollection {MR2258019,
    AUTHOR = {Avigad, Jeremy},
     TITLE = {Methodology and metaphysics in the development of {D}edekind's
              theory of ideals},
 BOOKTITLE = {The architecture of modern mathematics},
     PAGES = {159--186},
 PUBLISHER = {Oxford Univ. Press, Oxford},
      YEAR = {2006},
   MRCLASS = {00A35 (00A30 01A55 03A05 16-03)},
  MRNUMBER = {2258019},
MRREVIEWER = {Stewart Shapiro},
}
@article {MR2206254,
    AUTHOR = {Avigad, Jeremy and Simic, Ksenija},
     TITLE = {Fundamental notions of analysis in subsystems of second-order
              arithmetic},
   JOURNAL = {Ann. Pure Appl. Logic},
  FJOURNAL = {Annals of Pure and Applied Logic},
    VOLUME = {139},
      YEAR = {2006},
    NUMBER = {1-3},
     PAGES = {138--184},
      ISSN = {0168-0072},
   MRCLASS = {03F35 (46S99 47S99 54E35)},
  MRNUMBER = {2206254},
MRREVIEWER = {Kazuyuki Tanaka},
       DOI = {10.1016/j.apal.2005.03.004},
       URL = {https://doi-org.colorado.idm.oclc.org/10.1016/j.apal.2005.03.004},
}
@incollection {MR2185426,
    AUTHOR = {Avigad, Jeremy},
     TITLE = {Weak theories of nonstandard arithmetic and analysis},
 BOOKTITLE = {Reverse mathematics 2001},
    SERIES = {Lect. Notes Log.},
    VOLUME = {21},
     PAGES = {19--46},
 PUBLISHER = {Assoc. Symbol. Logic, La Jolla, CA},
      YEAR = {2005},
   MRCLASS = {03F35 (03B30 03F60 26E35)},
  MRNUMBER = {2185426},
}
@article {MR2162842,
    AUTHOR = {Beckmann, Arnold and Avigad, Jeremy and Moser, Georg},
     TITLE = {Preface [{F}estschrift on the occasion of {W}olfram {P}ohlers'
              60th birthday]},
   JOURNAL = {Ann. Pure Appl. Logic},
  FJOURNAL = {Annals of Pure and Applied Logic},
    VOLUME = {136},
      YEAR = {2005},
    NUMBER = {1-2},
     PAGES = {1--2},
      ISSN = {0168-0072},
   MRCLASS = {03-06 (00B30)},
  MRNUMBER = {2162842},
       DOI = {10.1016/j.apal.2005.05.001},
       URL = {https://doi-org.colorado.idm.oclc.org/10.1016/j.apal.2005.05.001},
}
@incollection {MR2140371,
    AUTHOR = {Avigad, Jeremy and Donnelly, Kevin},
     TITLE = {Formalizing {$O$} notation in {I}sabelle/{HOL}},
 BOOKTITLE = {Automated reasoning},
    SERIES = {Lecture Notes in Comput. Sci.},
    VOLUME = {3097},
     PAGES = {357--371},
 PUBLISHER = {Springer, Berlin},
      YEAR = {2004},
   MRCLASS = {Expansion},
  MRNUMBER = {2140371},
       DOI = {10.1007/978-3-540-25984-8_27},
       URL = {https://doi-org.colorado.idm.oclc.org/10.1007/978-3-540-25984-8_27},
}
@article {MR2083287,
    AUTHOR = {Avigad, Jeremy},
     TITLE = {Forcing in proof theory},
   JOURNAL = {Bull. Symbolic Logic},
  FJOURNAL = {The Bulletin of Symbolic Logic},
    VOLUME = {10},
      YEAR = {2004},
    NUMBER = {3},
     PAGES = {305--333},
      ISSN = {1079-8986},
   MRCLASS = {03F03 (03F25)},
  MRNUMBER = {2083287},
MRREVIEWER = {Reinhard Kahle},
       DOI = {10.2178/bsl/1102022660},
       URL = {https://doi-org.colorado.idm.oclc.org/10.2178/bsl/1102022660},
}
@article {MR2006194,
    AUTHOR = {Avigad, Jeremy},
     TITLE = {Number theory and elementary arithmetic},
   JOURNAL = {Philos. Math. (3)},
  FJOURNAL = {Philosophia Mathematica. Philosophy of Mathematics, its
              Learning, and its Application. Series III},
    VOLUME = {11},
      YEAR = {2003},
    NUMBER = {3},
     PAGES = {257--284},
      ISSN = {0031-8019},
   MRCLASS = {03F30 (03A05 11U99)},
  MRNUMBER = {2006194},
MRREVIEWER = {M. Yasuhara},
       DOI = {10.1093/philmat/11.3.257},
       URL = {https://doi-org.colorado.idm.oclc.org/10.1093/philmat/11.3.257},
}
@article {MR1995006,
    AUTHOR = {Avigad, Jeremy},
     TITLE = {Eliminating definitions and {S}kolem functions in first-order
              logic},
      NOTE = {16th Annual Symposium on Logic in Computer Science, 2001
              (Boston, MA)},
   JOURNAL = {ACM Trans. Comput. Log.},
  FJOURNAL = {ACM Transactions on Computational Logic},
    VOLUME = {4},
      YEAR = {2003},
    NUMBER = {3},
     PAGES = {402--415},
      ISSN = {1529-3785},
   MRCLASS = {03F20 (03F30)},
  MRNUMBER = {1995006},
MRREVIEWER = {Christian Bennet},
       DOI = {10.1145/772062.772068},
       URL = {https://doi-org.colorado.idm.oclc.org/10.1145/772062.772068},
}
@incollection {MR1943301,
    AUTHOR = {Avigad, Jeremy},
     TITLE = {Ordinal analysis without proofs},
 BOOKTITLE = {Reflections on the foundations of mathematics ({S}tanford,
              {CA}, 1998)},
    SERIES = {Lect. Notes Log.},
    VOLUME = {15},
     PAGES = {1--36},
 PUBLISHER = {Assoc. Symbol. Logic, Urbana, IL},
      YEAR = {2002},
   MRCLASS = {03F15 (03F05)},
  MRNUMBER = {1943301},
MRREVIEWER = {Mariko Yasugi},
}
@article {MR1933694,
    AUTHOR = {Avigad, Jeremy},
     TITLE = {Saturated models of universal theories},
   JOURNAL = {Ann. Pure Appl. Logic},
  FJOURNAL = {Annals of Pure and Applied Logic},
    VOLUME = {118},
      YEAR = {2002},
    NUMBER = {3},
     PAGES = {219--234},
      ISSN = {0168-0072},
   MRCLASS = {03F25 (03C50)},
  MRNUMBER = {1933694},
MRREVIEWER = {Christian Bennet},
       DOI = {10.1016/S0168-0072(02)00030-1},
       URL = {https://doi-org.colorado.idm.oclc.org/10.1016/S0168-0072(02)00030-1},
}
@article {MR1923197,
    AUTHOR = {Avigad, J. and Helzner, J.},
     TITLE = {Transfer principles in nonstandard intuitionistic arithmetic},
   JOURNAL = {Arch. Math. Logic},
  FJOURNAL = {Archive for Mathematical Logic},
    VOLUME = {41},
      YEAR = {2002},
    NUMBER = {6},
     PAGES = {581--602},
      ISSN = {0933-5846},
   MRCLASS = {03G30 (03F50 11U10 18F10)},
  MRNUMBER = {1923197},
MRREVIEWER = {Peter Johnstone},
       DOI = {10.1007/s001530100109},
       URL = {https://doi-org.colorado.idm.oclc.org/10.1007/s001530100109},
}
@article {MR1900549,
    AUTHOR = {Avigad, Jeremy},
     TITLE = {An ordinal analysis of admissible set theory using recursion
              on ordinal notations},
   JOURNAL = {J. Math. Log.},
  FJOURNAL = {Journal of Mathematical Logic},
    VOLUME = {2},
      YEAR = {2002},
    NUMBER = {1},
     PAGES = {91--112},
      ISSN = {0219-0613},
   MRCLASS = {03D60 (03D65 03F15)},
  MRNUMBER = {1900549},
MRREVIEWER = {M. Yasuhara},
       DOI = {10.1142/S0219061302000126},
       URL = {https://doi-org.colorado.idm.oclc.org/10.1142/S0219061302000126},
}
@article {MR1874199,
    AUTHOR = {Avigad, Jeremy},
     TITLE = {Update procedures and the 1-consistency of arithmetic},
   JOURNAL = {MLQ Math. Log. Q.},
  FJOURNAL = {MLQ. Mathematical Logic Quarterly},
    VOLUME = {48},
      YEAR = {2002},
    NUMBER = {1},
     PAGES = {3--13},
      ISSN = {0942-5616},
   MRCLASS = {03F30 (03F10 03F15)},
  MRNUMBER = {1874199},
MRREVIEWER = {Christian Bennet},
       DOI = {10.1002/1521-3870(200201)48:1<3::AID-MALQ3>3.0.CO;2-6},
       URL =
              {https://doi-org.colorado.idm.oclc.org/10.1002/1521-3870(200201)48:1<3::AID-MALQ3>3.0.CO;2-6},
}
@article {MR1866866,
    AUTHOR = {Avigad, Jeremy},
     TITLE = {Algebraic proofs of cut elimination},
   JOURNAL = {J. Log. Algebr. Program.},
  FJOURNAL = {The Journal of Logic and Algebraic Programming},
    VOLUME = {49},
      YEAR = {2001},
    NUMBER = {1-2},
     PAGES = {15--30},
      ISSN = {1567-8326},
   MRCLASS = {03F05 (03F55)},
  MRNUMBER = {1866866},
MRREVIEWER = {Henry Africk},
       DOI = {10.1016/S1567-8326(01)00009-1},
       URL = {https://doi-org.colorado.idm.oclc.org/10.1016/S1567-8326(01)00009-1},
}
@article {MR1812180,
    AUTHOR = {Avigad, Jeremy},
     TITLE = {Interpreting classical theories in constructive ones},
   JOURNAL = {J. Symbolic Logic},
  FJOURNAL = {The Journal of Symbolic Logic},
    VOLUME = {65},
      YEAR = {2000},
    NUMBER = {4},
     PAGES = {1785--1812},
      ISSN = {0022-4812},
   MRCLASS = {03F25 (03F30 03F35)},
  MRNUMBER = {1812180},
MRREVIEWER = {Mariko Yasugi},
       DOI = {10.2307/2695075},
       URL = {https://doi-org.colorado.idm.oclc.org/10.2307/2695075},
}
@incollection {MR1743252,
    AUTHOR = {Avigad, Jeremy},
     TITLE = {A realizability interpretation for classical arithmetic},
 BOOKTITLE = {Logic {C}olloquium '98 ({P}rague)},
    SERIES = {Lect. Notes Log.},
    VOLUME = {13},
     PAGES = {57--90},
 PUBLISHER = {Assoc. Symbol. Logic, Urbana, IL},
      YEAR = {2000},
   MRCLASS = {03F30 (03F05)},
  MRNUMBER = {1743252},
MRREVIEWER = {Wolfgang Burr},
}
@article {MR1683912,
    AUTHOR = {Avigad, Jeremy and Sommer, Richard},
     TITLE = {The model-theoretic ordinal analysis of theories of
              predicative strength},
   JOURNAL = {J. Symbolic Logic},
  FJOURNAL = {The Journal of Symbolic Logic},
    VOLUME = {64},
      YEAR = {1999},
    NUMBER = {1},
     PAGES = {327--349},
      ISSN = {0022-4812},
   MRCLASS = {03F15},
  MRNUMBER = {1683912},
MRREVIEWER = {Mariko Yasugi},
       DOI = {10.2307/2586768},
       URL = {https://doi-org.colorado.idm.oclc.org/10.2307/2586768},
}
@incollection {MR1640329,
    AUTHOR = {Avigad, Jeremy and Feferman, Solomon},
     TITLE = {G\"{o}del's functional (``{D}ialectica'') interpretation},
 BOOKTITLE = {Handbook of proof theory},
    SERIES = {Stud. Logic Found. Math.},
    VOLUME = {137},
     PAGES = {337--405},
 PUBLISHER = {North-Holland, Amsterdam},
      YEAR = {1998},
   MRCLASS = {03F10 (03F25 03F30 03F35)},
  MRNUMBER = {1640329},
MRREVIEWER = {Mariko Yasugi},
       DOI = {10.1016/S0049-237X(98)80020-7},
       URL = {https://doi-org.colorado.idm.oclc.org/10.1016/S0049-237X(98)80020-7},
}
@article {MR1635557,
    AUTHOR = {Avigad, Jeremy},
     TITLE = {An effective proof that open sets are {R}amsey},
   JOURNAL = {Arch. Math. Logic},
  FJOURNAL = {Archive for Mathematical Logic},
    VOLUME = {37},
      YEAR = {1998},
    NUMBER = {4},
     PAGES = {235--240},
      ISSN = {0933-5846},
   MRCLASS = {03F35},
  MRNUMBER = {1635557},
MRREVIEWER = {Thomas Strahm},
       DOI = {10.1007/s001530050095},
       URL = {https://doi-org.colorado.idm.oclc.org/10.1007/s001530050095},
}
@article {MR1624807,
    AUTHOR = {Avigad, Jeremy},
     TITLE = {Predicative functionals and an interpretation of
              {$\widehat{\rm ID}_{&lt;\omega}$}},
   JOURNAL = {Ann. Pure Appl. Logic},
  FJOURNAL = {Annals of Pure and Applied Logic},
    VOLUME = {92},
      YEAR = {1998},
    NUMBER = {1},
     PAGES = {1--34},
      ISSN = {0168-0072},
   MRCLASS = {03F10},
  MRNUMBER = {1624807},
MRREVIEWER = {Wolfgang Burr},
       DOI = {10.1016/S0168-0072(97)00045-6},
       URL = {https://doi-org.colorado.idm.oclc.org/10.1016/S0168-0072(97)00045-6},
}
@incollection {MR1486611,
    AUTHOR = {Avigad, Jeremy},
     TITLE = {Plausibly hard combinatorial tautologies},
 BOOKTITLE = {Proof complexity and feasible arithmetics ({R}utgers, {NJ},
              1996)},
    SERIES = {DIMACS Ser. Discrete Math. Theoret. Comput. Sci.},
    VOLUME = {39},
     PAGES = {1--12},
 PUBLISHER = {Amer. Math. Soc., Providence, RI},
      YEAR = {1998},
   MRCLASS = {03F20 (03B05 03D15)},
  MRNUMBER = {1486611},
MRREVIEWER = {Piotr Wojtylak},
}
@article {MR1444913,
    AUTHOR = {Avigad, Jeremy and Sommer, Richard},
     TITLE = {A model-theoretic approach to ordinal analysis},
   JOURNAL = {Bull. Symbolic Logic},
  FJOURNAL = {The Bulletin of Symbolic Logic},
    VOLUME = {3},
      YEAR = {1997},
    NUMBER = {1},
     PAGES = {17--52},
      ISSN = {1079-8986},
   MRCLASS = {03F03 (03C62 03F15 03F30)},
  MRNUMBER = {1444913},
MRREVIEWER = {Wolfgang Burr},
       DOI = {10.2307/421195},
       URL = {https://doi-org.colorado.idm.oclc.org/10.2307/421195},
}
@article {MR1419805,
    AUTHOR = {Avigad, Jeremy},
     TITLE = {Formalizing forcing arguments in subsystems of second-order
              arithmetic},
   JOURNAL = {Ann. Pure Appl. Logic},
  FJOURNAL = {Annals of Pure and Applied Logic},
    VOLUME = {82},
      YEAR = {1996},
    NUMBER = {2},
     PAGES = {165--191},
      ISSN = {0168-0072},
   MRCLASS = {03F35 (03C25)},
  MRNUMBER = {1419805},
MRREVIEWER = {M. Yasuhara},
       DOI = {10.1016/0168-0072(96)00003-6},
       URL = {https://doi-org.colorado.idm.oclc.org/10.1016/0168-0072(96)00003-6},
}
@article {MR1412508,
    AUTHOR = {Avigad, Jeremy},
     TITLE = {On the relationship between {${\rm ATR}_0$} and {$\widehat{\rm
              ID}_{&lt;\omega}$}},
   JOURNAL = {J. Symbolic Logic},
  FJOURNAL = {The Journal of Symbolic Logic},
    VOLUME = {61},
      YEAR = {1996},
    NUMBER = {3},
     PAGES = {768--779},
      ISSN = {0022-4812},
   MRCLASS = {03F30 (03F35)},
  MRNUMBER = {1412508},
MRREVIEWER = {Mariko Yasugi},
       DOI = {10.2307/2275783},
       URL = {https://doi-org.colorado.idm.oclc.org/10.2307/2275783},
}
@book {MR2693247,
    AUTHOR = {Avigad, Jeremy David},
     TITLE = {Proof-theoretic investigations of subsystems of second-order
              arithmetic},
      NOTE = {Thesis (Ph.D.)--University of California, Berkeley},
 PUBLISHER = {ProQuest LLC, Ann Arbor, MI},
      YEAR = {1995},
     PAGES = {143},
   MRCLASS = {Thesis},
  MRNUMBER = {2693247},
       URL =
              {http://gateway.proquest.com.colorado.idm.oclc.org/openurl?url_ver=Z39.88-2004&rft_val_fmt=info:ofi/fmt:kev:mtx:dissertation&res_dat=xri:pqdiss&rft_dat=xri:pqdiss:9602478},
}
