@article {MR3860872,
    AUTHOR = {Awodey, Steve},
     TITLE = {Univalence as a principle of logic},
   JOURNAL = {Indag. Math. (N.S.)},
  FJOURNAL = {Koninklijke Nederlandse Akademie van Wetenschappen.
              Indagationes Mathematicae. New Series},
    VOLUME = {29},
      YEAR = {2018},
    NUMBER = {6},
     PAGES = {1497--1510},
      ISSN = {0019-3577},
   MRCLASS = {03G30 (18G55 55U35)},
  MRNUMBER = {3860872},
       DOI = {10.1016/j.indag.2018.01.011},
       URL = {https://doi-org.colorado.idm.oclc.org/10.1016/j.indag.2018.01.011},
}
		
@article {MR3860536,
    AUTHOR = {Awodey, Steve},
     TITLE = {A cubical model of homotopy type theory},
   JOURNAL = {Ann. Pure Appl. Logic},
  FJOURNAL = {Annals of Pure and Applied Logic},
    VOLUME = {169},
      YEAR = {2018},
    NUMBER = {12},
     PAGES = {1270--1294},
      ISSN = {0168-0072},
   MRCLASS = {03B15 (18A99 18C50 18G55 55U35)},
  MRNUMBER = {3860536},
       DOI = {10.1016/j.apal.2018.08.002},
       URL = {https://doi-org.colorado.idm.oclc.org/10.1016/j.apal.2018.08.002},
}
		
@article {MR3742564,
    AUTHOR = {Awodey, Steve},
     TITLE = {Natural models of homotopy type theory},
   JOURNAL = {Math. Structures Comput. Sci.},
  FJOURNAL = {Mathematical Structures in Computer Science. A Journal in the
              Applications of Categorical, Algebraic and Geometric Methods
              in Computer Science},
    VOLUME = {28},
      YEAR = {2018},
    NUMBER = {2},
     PAGES = {241--286},
      ISSN = {0960-1295},
   MRCLASS = {03B15 (03G30 18G55 55U35)},
  MRNUMBER = {3742564},
MRREVIEWER = {Fredrik Nordvall Forsberg},
       DOI = {10.1017/S0960129516000268},
       URL = {https://doi-org.colorado.idm.oclc.org/10.1017/S0960129516000268},
}
		
@article {MR3614859,
    AUTHOR = {Awodey, Steve and Gambino, Nicola and Sojakova, Kristina},
     TITLE = {Homotopy-initial algebras in type theory},
   JOURNAL = {J. ACM},
  FJOURNAL = {Journal of the ACM},
    VOLUME = {63},
      YEAR = {2017},
    NUMBER = {6},
     PAGES = {Art. 51, 45},
      ISSN = {0004-5411},
   MRCLASS = {68N18 (18G55 55U35)},
  MRNUMBER = {3614859},
       DOI = {10.1145/3006383},
       URL = {https://doi-org.colorado.idm.oclc.org/10.1145/3006383},
}
		
@article {MR3585039,
    AUTHOR = {Awodey, Steve},
     TITLE = {Carnap and the invariance of logical truth},
   JOURNAL = {Synthese},
  FJOURNAL = {Synthese. An International Journal for Epistemology,
              Methodology and Philosophy of Science},
    VOLUME = {194},
      YEAR = {2017},
    NUMBER = {1},
     PAGES = {67--78},
      ISSN = {0039-7857},
   MRCLASS = {03A05 (03F40)},
  MRNUMBER = {3585039},
       DOI = {10.1007/s11229-015-0781-6},
       URL = {https://doi-org.colorado.idm.oclc.org/10.1007/s11229-015-0781-6},
}
		
@article {MR3340532,
    AUTHOR = {Awodey, Steve and Gambino, Nicola and Palmgren, Erik},
     TITLE = {Introduction---from type theory and homotopy theory to
              univalent foundations},
   JOURNAL = {Math. Structures Comput. Sci.},
  FJOURNAL = {Mathematical Structures in Computer Science. A Journal in the
              Applications of Categorical, Algebraic and Geometric Methods
              in Computer Science},
    VOLUME = {25},
      YEAR = {2015},
    NUMBER = {5},
     PAGES = {1005--1009},
      ISSN = {0960-1295},
   MRCLASS = {03B15 (18G55 55U35)},
  MRNUMBER = {3340532},
       DOI = {10.1017/S0960129514000474},
       URL = {https://doi-org.colorado.idm.oclc.org/10.1017/S0960129514000474},
}
		
@incollection {MR3297466,
    AUTHOR = {Awodey, Steve},
     TITLE = {Homotopy type theory},
 BOOKTITLE = {Logic and its applications},
    SERIES = {Lecture Notes in Comput. Sci.},
    VOLUME = {8923},
     PAGES = {1--10},
 PUBLISHER = {Springer, Heidelberg},
      YEAR = {2015},
   MRCLASS = {03B15 (55U40)},
  MRNUMBER = {3297466},
       DOI = {10.1007/978-3-662-45824-2_1},
       URL = {https://doi-org.colorado.idm.oclc.org/10.1007/978-3-662-45824-2_1},
}
		
@article {MR3379219,
    AUTHOR = {Awodey, Steve and Kishida, Kohei and Kotzsch, Hans-Christoph},
     TITLE = {Topos semantics for higher-order modal logic},
   JOURNAL = {Log. Anal. (N.S.)},
  FJOURNAL = {Logique et Analyse. Nouvelle S\'{e}rie},
    VOLUME = {57},
      YEAR = {2014},
    NUMBER = {228},
     PAGES = {591--636},
      ISSN = {0024-5836},
   MRCLASS = {03B15 (03B45 03G30 18B25)},
  MRNUMBER = {3379219},
MRREVIEWER = {Ioan Tofan},
}
		
@article {MR3170073,
    AUTHOR = {Awodey, Steve},
     TITLE = {Structuralism, invariance, and univalence},
   JOURNAL = {Philos. Math. (3)},
  FJOURNAL = {Philosophia Mathematica. Series III},
    VOLUME = {22},
      YEAR = {2014},
    NUMBER = {1},
     PAGES = {1--11},
      ISSN = {0031-8019},
   MRCLASS = {03B15 (55P99)},
  MRNUMBER = {3170073},
       DOI = {10.1093/philmat/nkt030},
       URL = {https://doi-org.colorado.idm.oclc.org/10.1093/philmat/nkt030},
}
		
@article {MR3129724,
    AUTHOR = {Awodey, Steve and Butz, Carsten and Simpson, Alex and
              Streicher, Thomas},
     TITLE = {Relating first-order set theories, toposes and categories of
              classes},
   JOURNAL = {Ann. Pure Appl. Logic},
  FJOURNAL = {Annals of Pure and Applied Logic},
    VOLUME = {165},
      YEAR = {2014},
    NUMBER = {2},
     PAGES = {428--502},
      ISSN = {0168-0072},
   MRCLASS = {03G30 (03C90 03E70 03F50 18B05)},
  MRNUMBER = {3129724},
MRREVIEWER = {Robert S. Lubarsky},
       DOI = {10.1016/j.apal.2013.06.004},
       URL = {https://doi-org.colorado.idm.oclc.org/10.1016/j.apal.2013.06.004},
}
		
@article {MR3113277,
    AUTHOR = {Awodey, Steve and Pelayo, \'{A}lvaro and Warren, Michael A.},
     TITLE = {Voevodsky's univalence axiom in homotopy type theory},
   JOURNAL = {Notices Amer. Math. Soc.},
  FJOURNAL = {Notices of the American Mathematical Society},
    VOLUME = {60},
      YEAR = {2013},
    NUMBER = {9},
     PAGES = {1164--1167},
      ISSN = {0002-9920},
   MRCLASS = {03B15 (55P99)},
  MRNUMBER = {3113277},
MRREVIEWER = {Julio Rubio},
       DOI = {10.1090/noti1043},
       URL = {https://doi-org.colorado.idm.oclc.org/10.1090/noti1043},
}
		
@article {MR3069018,
    AUTHOR = {Awodey, Steve and Hofstra, Pieter and Warren, Michael A.},
     TITLE = {Martin-{L}\"{o}f complexes},
   JOURNAL = {Ann. Pure Appl. Logic},
  FJOURNAL = {Annals of Pure and Applied Logic},
    VOLUME = {164},
      YEAR = {2013},
    NUMBER = {10},
     PAGES = {928--956},
      ISSN = {0168-0072},
   MRCLASS = {03B15 (03G30 18G55 55U40)},
  MRNUMBER = {3069018},
       DOI = {10.1016/j.apal.2013.05.001},
       URL = {https://doi-org.colorado.idm.oclc.org/10.1016/j.apal.2013.05.001},
}
		
@article {MR3001549,
    AUTHOR = {Awodey, Steve and Forssell, Henrik},
     TITLE = {First-order logical duality},
   JOURNAL = {Ann. Pure Appl. Logic},
  FJOURNAL = {Annals of Pure and Applied Logic},
    VOLUME = {164},
      YEAR = {2013},
    NUMBER = {3},
     PAGES = {319--348},
      ISSN = {0168-0072},
   MRCLASS = {03G30 (18B25 18C10 18C50)},
  MRNUMBER = {3001549},
MRREVIEWER = {Juan Climent Vidal},
       DOI = {10.1016/j.apal.2012.10.016},
       URL = {https://doi-org.colorado.idm.oclc.org/10.1016/j.apal.2012.10.016},
}
		
@incollection {MR3220235,
    AUTHOR = {Awodey, Steve and Kishida, Kohei},
     TITLE = {Topological completeness of first-order modal logic},
 BOOKTITLE = {Advances in modal logic. {V}ol. 9},
     PAGES = {1--17},
 PUBLISHER = {Coll. Publ., London},
      YEAR = {2012},
   MRCLASS = {03B45 (03G30)},
  MRNUMBER = {3220235},
}
		
@inproceedings {MR3050430,
    AUTHOR = {Awodey, Steve and Gambino, Nicola and Sojakova, Kristina},
     TITLE = {Inductive types in homotopy type theory},
 BOOKTITLE = {Proceedings of the 2012 27th {A}nnual {ACM}/{IEEE} {S}ymposium
              on {L}ogic in {C}omputer {S}cience},
     PAGES = {95--104},
 PUBLISHER = {IEEE Computer Soc., Los Alamitos, CA},
      YEAR = {2012},
   MRCLASS = {03B15 (55P99 68T15)},
  MRNUMBER = {3050430},
       DOI = {10.1109/LICS.2012.21},
       URL = {https://doi-org.colorado.idm.oclc.org/10.1109/LICS.2012.21},
}
		
@incollection {MR2962717,
    AUTHOR = {Awodey, Steve},
     TITLE = {Type theory and homotopy},
 BOOKTITLE = {Epistemology versus ontology},
    SERIES = {Log. Epistemol. Unity Sci.},
    VOLUME = {27},
     PAGES = {183--201},
 PUBLISHER = {Springer, Dordrecht},
      YEAR = {2012},
   MRCLASS = {03B15 (18B99 55P99)},
  MRNUMBER = {2962717},
MRREVIEWER = {Florian Rabe},
       DOI = {10.1007/978-94-007-4435-6_9},
       URL = {https://doi-org.colorado.idm.oclc.org/10.1007/978-94-007-4435-6_9},
}
		
@incollection {MR2867084,
    AUTHOR = {Awodey, Steve},
     TITLE = {From sets to types, to categories, to sets},
 BOOKTITLE = {Foundational theories of classical and constructive
              mathematics},
    SERIES = {West. Ont. Ser. Philos. Sci.},
    VOLUME = {76},
     PAGES = {113--125},
 PUBLISHER = {Springer, Dordrecht},
      YEAR = {2011},
   MRCLASS = {03A05},
  MRNUMBER = {2867084},
MRREVIEWER = {Jean-Pierre Marquis},
       DOI = {10.1007/978-94-007-0431-2_5},
       URL = {https://doi-org.colorado.idm.oclc.org/10.1007/978-94-007-0431-2_5},
}
		
@article {MR2836778,
    AUTHOR = {Awodey, Steve and Rabe, Florian},
     TITLE = {Kripke semantics for {M}artin-{L}\"{o}f's extensional type theory},
   JOURNAL = {Log. Methods Comput. Sci.},
  FJOURNAL = {Logical Methods in Computer Science},
    VOLUME = {7},
      YEAR = {2011},
    NUMBER = {3},
     PAGES = {3:18, 25},
      ISSN = {1860-5974},
   MRCLASS = {03B15 (03G30)},
  MRNUMBER = {2836778},
       DOI = {10.1007/978-3-642-02273-9_19},
       URL = {https://doi-org.colorado.idm.oclc.org/10.1007/978-3-642-02273-9_19},
}
		
@book {MR2668552,
    AUTHOR = {Awodey, Steve},
     TITLE = {Category theory},
    SERIES = {Oxford Logic Guides},
    VOLUME = {52},
   EDITION = {Second},
 PUBLISHER = {Oxford University Press, Oxford},
      YEAR = {2010},
     PAGES = {xvi+311},
      ISBN = {978-0-19-923718-0},
   MRCLASS = {18-01 (03G30 18A25)},
  MRNUMBER = {2668552},
}
		
@incollection {MR2668197,
    AUTHOR = {Awodey, Steve and Carus, A. W.},
     TITLE = {G\"{o}del and {C}arnap},
 BOOKTITLE = {Kurt {G}\"{o}del: essays for his centennial},
    SERIES = {Lect. Notes Log.},
    VOLUME = {33},
     PAGES = {252--274},
 PUBLISHER = {Assoc. Symbol. Logic, La Jolla, CA},
      YEAR = {2010},
   MRCLASS = {03-03 (01A70)},
  MRNUMBER = {2668197},
       DOI = {10.1017/CBO9780511750762.015},
       URL = {https://doi-org.colorado.idm.oclc.org/10.1017/CBO9780511750762.015},
}
		
@incollection {MR2550052,
    AUTHOR = {Awodey, Steve and Rabe, Florian},
     TITLE = {Kripke semantics for {M}artin-{L}\"{o}f's extensional type theory},
 BOOKTITLE = {Typed lambda calculi and applications},
    SERIES = {Lecture Notes in Comput. Sci.},
    VOLUME = {5608},
     PAGES = {249--263},
 PUBLISHER = {Springer, Berlin},
      YEAR = {2009},
   MRCLASS = {03B15},
  MRNUMBER = {2550052},
       DOI = {10.1007/978-3-642-02273-9_19},
       URL = {https://doi-org.colorado.idm.oclc.org/10.1007/978-3-642-02273-9_19},
}
		
@article {MR2548465,
    AUTHOR = {Awodey, S. and Gambino, N. and Lumsdaine, P. L. and Warren, M.
              A.},
     TITLE = {Lawvere-{T}ierney sheaves in algebraic set theory},
   JOURNAL = {J. Symbolic Logic},
  FJOURNAL = {The Journal of Symbolic Logic},
    VOLUME = {74},
      YEAR = {2009},
    NUMBER = {3},
     PAGES = {861--890},
      ISSN = {0022-4812},
   MRCLASS = {03E70 (03F50 18B99)},
  MRNUMBER = {2548465},
MRREVIEWER = {Benno van den Berg},
       DOI = {10.2178/jsl/1245158088},
       URL = {https://doi-org.colorado.idm.oclc.org/10.2178/jsl/1245158088},
}
		
@article {MR2461866,
    AUTHOR = {Awodey, Steve and Warren, Michael A.},
     TITLE = {Homotopy theoretic models of identity types},
   JOURNAL = {Math. Proc. Cambridge Philos. Soc.},
  FJOURNAL = {Mathematical Proceedings of the Cambridge Philosophical
              Society},
    VOLUME = {146},
      YEAR = {2009},
    NUMBER = {1},
     PAGES = {45--55},
      ISSN = {0305-0041},
   MRCLASS = {03B15 (03B35 18G99 55U35)},
  MRNUMBER = {2461866},
MRREVIEWER = {Richard F. Blute},
       DOI = {10.1017/S0305004108001783},
       URL = {https://doi-org.colorado.idm.oclc.org/10.1017/S0305004108001783},
}
		
@article {MR3417469,
    AUTHOR = {Awodey, Steve and Kishida, Kohei},
     TITLE = {Erratum: ``{T}opology and modality: the topological
              interpretation of first-order modal logic'' [ {MR}3417457]},
   JOURNAL = {Rev. Symb. Log.},
  FJOURNAL = {The Review of Symbolic Logic},
    VOLUME = {1},
      YEAR = {2008},
    NUMBER = {3},
     PAGES = {393},
      ISSN = {1755-0203},
   MRCLASS = {03B45 (03G30)},
  MRNUMBER = {3417469},
}
		
@article {MR3417457,
    AUTHOR = {Awodey, Steve and Kishida, Kohei},
     TITLE = {Topology and modality: the topological interpretation of
              first-order modal logic},
   JOURNAL = {Rev. Symb. Log.},
  FJOURNAL = {The Review of Symbolic Logic},
    VOLUME = {1},
      YEAR = {2008},
    NUMBER = {2},
     PAGES = {146--166},
      ISSN = {1755-0203},
   MRCLASS = {03B45 (03G30)},
  MRNUMBER = {3417457},
       DOI = {10.1017/S1755020308080143},
       URL = {https://doi-org.colorado.idm.oclc.org/10.1017/S1755020308080143},
}
		
@article {MR2440595,
    AUTHOR = {Awodey, Steve},
     TITLE = {A brief introduction to algebraic set theory},
   JOURNAL = {Bull. Symbolic Logic},
  FJOURNAL = {The Bulletin of Symbolic Logic},
    VOLUME = {14},
      YEAR = {2008},
    NUMBER = {3},
     PAGES = {281--298},
      ISSN = {1079-8986},
   MRCLASS = {03C62 (03C90 03E70 03G20 03G25)},
  MRNUMBER = {2440595},
       URL = {http://projecteuclid.org.colorado.idm.oclc.org/euclid.bsl/1231081369},
}
		
@article {MR2425540,
    AUTHOR = {Awodey, Steven and Bauer, Andrej},
     TITLE = {Sheaf toposes for realizability},
   JOURNAL = {Arch. Math. Logic},
  FJOURNAL = {Archive for Mathematical Logic},
    VOLUME = {47},
      YEAR = {2008},
    NUMBER = {5},
     PAGES = {465--478},
      ISSN = {0933-5846},
   MRCLASS = {03G30 (03D65)},
  MRNUMBER = {2425540},
MRREVIEWER = {Vladimir Komendantsky},
       DOI = {10.1007/s00153-008-0090-6},
       URL = {https://doi-org.colorado.idm.oclc.org/10.1007/s00153-008-0090-6},
}
		
@article {MR2362818,
    AUTHOR = {Awodey, S. and Carus, A. W.},
     TITLE = {Carnap's dream: {G}\"{o}del, {W}ittgenstein, and {\it {L}ogical
              syntax}},
   JOURNAL = {Synthese},
  FJOURNAL = {Synthese. An International Journal for Epistemology,
              Methodology and Philosophy of Science},
    VOLUME = {159},
      YEAR = {2007},
    NUMBER = {1},
     PAGES = {23--45},
      ISSN = {0039-7857},
   MRCLASS = {03-03 (03A05 03B65)},
  MRNUMBER = {2362818},
       DOI = {10.1007/s11229-006-9066-4},
       URL = {https://doi-org.colorado.idm.oclc.org/10.1007/s11229-006-9066-4},
}
		
@article {MR2359910,
    AUTHOR = {Awodey, Steve and Butz, Carsten and Simpson, Alex and
              Streicher, Thomas},
     TITLE = {Relating first-order set theories and elementary toposes},
   JOURNAL = {Bull. Symbolic Logic},
  FJOURNAL = {The Bulletin of Symbolic Logic},
    VOLUME = {13},
      YEAR = {2007},
    NUMBER = {3},
     PAGES = {340--358},
      ISSN = {1079-8986},
   MRCLASS = {03G30 (03F50)},
  MRNUMBER = {2359910},
       DOI = {10.2178/bsl/1186666150},
       URL = {https://doi-org.colorado.idm.oclc.org/10.2178/bsl/1186666150},
}
		
@article {MR2300905,
    AUTHOR = {Awodey, Steve},
     TITLE = {In memoriam: {S}aunders {M}ac {L}ane 1909--2005},
   JOURNAL = {Bull. Symbolic Logic},
  FJOURNAL = {The Bulletin of Symbolic Logic},
    VOLUME = {13},
      YEAR = {2007},
    NUMBER = {1},
     PAGES = {115--119},
      ISSN = {1079-8986},
   MRCLASS = {01A70},
  MRNUMBER = {2300905},
       URL = {http://projecteuclid.org.colorado.idm.oclc.org/euclid.bsl/1174668221},
}
		
@book {MR2229319,
    AUTHOR = {Awodey, Steve},
     TITLE = {Category theory},
    SERIES = {Oxford Logic Guides},
    VOLUME = {49},
 PUBLISHER = {The Clarendon Press, Oxford University Press, New York},
      YEAR = {2006},
     PAGES = {xii+256},
      ISBN = {0-19-856861-4; 978-0-19-856861-2},
   MRCLASS = {18-01 (03G30 18A25)},
  MRNUMBER = {2229319},
MRREVIEWER = {Colin McLarty},
       DOI = {10.1093/acprof:oso/9780198568612.001.0001},
       URL = {https://doi-org.colorado.idm.oclc.org/10.1093/acprof:oso/9780198568612.001.0001},
}
		
@article {MR2210578,
    AUTHOR = {Awodey, S. and Forssell, H.},
     TITLE = {Algebraic models of intuitionistic theories of sets and
              classes},
   JOURNAL = {Theory Appl. Categ.},
  FJOURNAL = {Theory and Applications of Categories},
    VOLUME = {15},
      YEAR = {2005/06},
     PAGES = {No. 5, 147--163},
      ISSN = {1201-561X},
   MRCLASS = {18B05 (03E70 03F60 03G30 18B25 18C10)},
  MRNUMBER = {2210578},
MRREVIEWER = {Maulik A. Dave},
}
		
@article {MR2210574,
    AUTHOR = {Awodey, Steve and Warren, Michael A.},
     TITLE = {Predicative algebraic set theory},
   JOURNAL = {Theory Appl. Categ.},
  FJOURNAL = {Theory and Applications of Categories},
    VOLUME = {15},
      YEAR = {2005/06},
     PAGES = {No. 1, 1--39},
      ISSN = {1201-561X},
   MRCLASS = {18B05 (03E70 03F60 03G30 18B25 18C10)},
  MRNUMBER = {2210574},
}
		
@article {MR2130480,
    AUTHOR = {Awodey, Steve and Eliasson, Jonas},
     TITLE = {Ultrasheaves and double negation},
   JOURNAL = {Notre Dame J. Formal Logic},
  FJOURNAL = {Notre Dame Journal of Formal Logic},
    VOLUME = {45},
      YEAR = {2004},
    NUMBER = {4},
     PAGES = {235--245},
      ISSN = {0029-4527},
   MRCLASS = {03G30 (03C20 03E05 03E70 18B25)},
  MRNUMBER = {2130480},
MRREVIEWER = {Colin McLarty},
       DOI = {10.1305/ndjfl/1099238447},
       URL = {https://doi-org.colorado.idm.oclc.org/10.1305/ndjfl/1099238447},
}
		
@article {MR2081047,
    AUTHOR = {Awodey, Steven and Bauer, Andrej},
     TITLE = {Propositions as [types]},
   JOURNAL = {J. Logic Comput.},
  FJOURNAL = {Journal of Logic and Computation},
    VOLUME = {14},
      YEAR = {2004},
    NUMBER = {4},
     PAGES = {447--471},
      ISSN = {0955-792X},
   MRCLASS = {03B15 (03B20 03B45 18C50)},
  MRNUMBER = {2081047},
       DOI = {10.1093/logcom/14.4.447},
       URL = {https://doi-org.colorado.idm.oclc.org/10.1093/logcom/14.4.447},
}
		
@article {MR2033720,
    AUTHOR = {Awodey, Steve},
     TITLE = {An answer to {G}. {H}ellman's question: ``{D}oes category
              theory provide a framework for mathematical structuralism?''
              [{P}hilos. {M}ath. (3) {\bf 11} (2003), no. 2, 129--157;
              MR1980559]},
   JOURNAL = {Philos. Math. (3)},
  FJOURNAL = {Philosophia Mathematica. Philosophy of Mathematics, its
              Learning, and its Application. Series III},
    VOLUME = {12},
      YEAR = {2004},
    NUMBER = {1},
     PAGES = {54--64},
      ISSN = {0031-8019},
   MRCLASS = {03A05 (00A30 18B25)},
  MRNUMBER = {2033720},
MRREVIEWER = {Peter Johnstone},
       DOI = {10.1093/philmat/12.1.54},
       URL = {https://doi-org.colorado.idm.oclc.org/10.1093/philmat/12.1.54},
}
		
@article {MR1994642,
    AUTHOR = {Awodey, Steve and Hughes, Jesse},
     TITLE = {Modal operators and the formal dual of {B}irkhoff's
              completeness theorem},
      NOTE = {Coalgebraic methods in computer science (Genova, 2001)},
   JOURNAL = {Math. Structures Comput. Sci.},
  FJOURNAL = {Mathematical Structures in Computer Science. A Journal in the
              Applications of Categorical, Algebraic and Geometric Methods
              in Computer Science},
    VOLUME = {13},
      YEAR = {2003},
    NUMBER = {2},
     PAGES = {233--258},
      ISSN = {0960-1295},
   MRCLASS = {68Q55 (03B45 03C05 18C50 68Q65)},
  MRNUMBER = {1994642},
MRREVIEWER = {H.-J. Hoehnke},
       DOI = {10.1017/S0960129502003894},
       URL = {https://doi-org.colorado.idm.oclc.org/10.1017/S0960129502003894},
}
		
@article {MR1948021,
    AUTHOR = {Awodey, Steven and Birkedal, Lars},
     TITLE = {Elementary axioms for local maps of toposes},
   JOURNAL = {J. Pure Appl. Algebra},
  FJOURNAL = {Journal of Pure and Applied Algebra},
    VOLUME = {177},
      YEAR = {2003},
    NUMBER = {3},
     PAGES = {215--230},
      ISSN = {0022-4049},
   MRCLASS = {18B25 (03B40 03B45 03G30)},
  MRNUMBER = {1948021},
MRREVIEWER = {Guerino Bruno Mazzola},
       DOI = {10.1016/S0022-4049(02)00283-9},
       URL = {https://doi-org.colorado.idm.oclc.org/10.1016/S0022-4049(02)00283-9},
}
		
@article {MR1951297,
    AUTHOR = {Awodey, Steve and Reck, Erich H.},
     TITLE = {Completeness and categoricity. {I}. {N}ineteenth-century
              axiomatics to twentieth-century metalogic},
   JOURNAL = {Hist. Philos. Logic},
  FJOURNAL = {History and Philosophy of Logic},
    VOLUME = {23},
      YEAR = {2002},
    NUMBER = {1},
     PAGES = {1--30},
      ISSN = {0144-5340},
   MRCLASS = {03B15 (01A55 01A60 03-03)},
  MRNUMBER = {1951297},
MRREVIEWER = {E. Mendelson},
       DOI = {10.1080/01445340210146889},
       URL = {https://doi-org.colorado.idm.oclc.org/10.1080/01445340210146889},
}
		
@article {MR1950821,
    AUTHOR = {Awodey, Steve and Reck, Erich H.},
     TITLE = {Completeness and categoricity. {II}. {T}wentieth-century
              metalogic to twenty-first-century semantics},
   JOURNAL = {Hist. Philos. Logic},
  FJOURNAL = {History and Philosophy of Logic},
    VOLUME = {23},
      YEAR = {2002},
    NUMBER = {2},
     PAGES = {77--94},
      ISSN = {0144-5340},
   MRCLASS = {03B15 (01A55 01A60)},
  MRNUMBER = {1950821},
MRREVIEWER = {E. Mendelson},
       DOI = {10.1080/0144534021000028619},
       URL = {https://doi-org.colorado.idm.oclc.org/10.1080/0144534021000028619},
}
		
@article {MR1909030,
    AUTHOR = {Awodey, Steven and Birkedal, Lars and Scott, Dana S.},
     TITLE = {Local realizability toposes and a modal logic for
              computability},
      NOTE = {Realizability (Trento, 1999)},
   JOURNAL = {Math. Structures Comput. Sci.},
  FJOURNAL = {Mathematical Structures in Computer Science. A Journal in the
              Applications of Categorical, Algebraic and Geometric Methods
              in Computer Science},
    VOLUME = {12},
      YEAR = {2002},
    NUMBER = {3},
     PAGES = {319--334},
      ISSN = {0960-1295},
   MRCLASS = {03G30 (03B45 03D75 68Q55 68Q60)},
  MRNUMBER = {1909030},
       DOI = {10.1017/S0960129502003675},
       URL = {https://doi-org.colorado.idm.oclc.org/10.1017/S0960129502003675},
}
		
@article {MR1825708,
    AUTHOR = {Awodey, S. and Carus, A. W.},
     TITLE = {Carnap, completeness, and categoricity: the
              {G}abelbarkeitssatz of 1928},
   JOURNAL = {Erkenntnis},
  FJOURNAL = {Erkenntnis. An International Journal of Analytic Philosophy},
    VOLUME = {54},
      YEAR = {2001},
    NUMBER = {2},
     PAGES = {145--172},
      ISSN = {0165-0106},
   MRCLASS = {03-03 (01A60 03A05)},
  MRNUMBER = {1825708},
       DOI = {10.1023/A:1005622201768},
       URL = {https://doi-org.colorado.idm.oclc.org/10.1023/A:1005622201768},
}
		
@article {MR1791369,
    AUTHOR = {Awodey, S. and Butz, C.},
     TITLE = {Topological completeness for higher-order logic},
   JOURNAL = {J. Symbolic Logic},
  FJOURNAL = {The Journal of Symbolic Logic},
    VOLUME = {65},
      YEAR = {2000},
    NUMBER = {3},
     PAGES = {1168--1182},
      ISSN = {0022-4812},
   MRCLASS = {03G30 (03B15 03C90 18B25)},
  MRNUMBER = {1791369},
MRREVIEWER = {Peter Johnstone},
       DOI = {10.2307/2586693},
       URL = {https://doi-org.colorado.idm.oclc.org/10.2307/2586693},
}
		
@article {MR1748885,
    AUTHOR = {Awodey, Steven},
     TITLE = {Topological representation of the {$\lambda$}-calculus},
   JOURNAL = {Math. Structures Comput. Sci.},
  FJOURNAL = {Mathematical Structures in Computer Science. A Journal in the
              Applications of Categorical, Algebraic and Geometric Methods
              in Computer Science},
    VOLUME = {10},
      YEAR = {2000},
    NUMBER = {1},
     PAGES = {81--96},
      ISSN = {0960-1295},
   MRCLASS = {03B40 (68N18)},
  MRNUMBER = {1748885},
MRREVIEWER = {Anna Labella},
       DOI = {10.1017/S0960129599002972},
       URL = {https://doi-org.colorado.idm.oclc.org/10.1017/S0960129599002972},
}
		
@article {MR1733247,
    AUTHOR = {Awodey, S.},
     TITLE = {Sheaf representation for topoi},
   JOURNAL = {J. Pure Appl. Algebra},
  FJOURNAL = {Journal of Pure and Applied Algebra},
    VOLUME = {145},
      YEAR = {2000},
    NUMBER = {2},
     PAGES = {107--121},
      ISSN = {0022-4049},
   MRCLASS = {18B25 (03B15 03G30 18F20)},
  MRNUMBER = {1733247},
       DOI = {10.1016/S0022-4049(98)00076-0},
       URL = {https://doi-org.colorado.idm.oclc.org/10.1016/S0022-4049(98)00076-0},
}
		
@book {MR2716670,
    AUTHOR = {Awodey, Steven M.},
     TITLE = {Logic in topoi: {F}unctorial semantics for high-order logic},
      NOTE = {Thesis (Ph.D.)--The University of Chicago},
 PUBLISHER = {ProQuest LLC, Ann Arbor, MI},
      YEAR = {1997},
     PAGES = {145},
      ISBN = {978-0591-28554-3},
   MRCLASS = {Thesis},
  MRNUMBER = {2716670},
       URL =
              {http://gateway.proquest.com.colorado.idm.oclc.org/openurl?url_ver=Z39.88-2004&rft_val_fmt=info:ofi/fmt:kev:mtx:dissertation&res_dat=xri:pqdiss&rft_dat=xri:pqdiss:9720020},
}
		
@article {MR1406758,
    AUTHOR = {Awodey, S.},
     TITLE = {Structure in mathematics and logic: a categorical perspective},
   JOURNAL = {Philos. Math. (3)},
  FJOURNAL = {Philosophia Mathematica. Philosophy of Mathematics, its
              Learning, and its Applications. Series III},
    VOLUME = {4},
      YEAR = {1996},
    NUMBER = {3},
     PAGES = {209--237},
      ISSN = {0031-8019},
   MRCLASS = {03G30 (00A30 03A05 18B99)},
  MRNUMBER = {1406758},
MRREVIEWER = {Colin McLarty},
       DOI = {10.1093/philmat/4.3.209},
       URL = {https://doi-org.colorado.idm.oclc.org/10.1093/philmat/4.3.209},
}
		