@article {MR3725758,
    AUTHOR = {Bauer, Andrej},
     TITLE = {On fixed-point theorems in synthetic computability},
   JOURNAL = {Tbilisi Math. J.},
  FJOURNAL = {Tbilisi Mathematical Journal},
    VOLUME = {10},
      YEAR = {2017},
    NUMBER = {3},
     PAGES = {167--181},
      ISSN = {1512-0139},
   MRCLASS = {03D75 (03F65 54H25)},
  MRNUMBER = {3725758},
       DOI = {10.1515/tmj-2017-0107},
       URL = {https://doi-org.colorado.idm.oclc.org/10.1515/tmj-2017-0107},
}
		
@article {MR3662915,
    AUTHOR = {Bauer, Andrej},
     TITLE = {Five stages of accepting constructive mathematics},
   JOURNAL = {Bull. Amer. Math. Soc. (N.S.)},
  FJOURNAL = {American Mathematical Society. Bulletin. New Series},
    VOLUME = {54},
      YEAR = {2017},
    NUMBER = {3},
     PAGES = {481--498},
      ISSN = {0273-0979},
   MRCLASS = {03F65},
  MRNUMBER = {3662915},
MRREVIEWER = {Daniel Abraham Romano},
       DOI = {10.1090/bull/1556},
       URL = {https://doi-org.colorado.idm.oclc.org/10.1090/bull/1556},
}
		
@article {MR3646657,
    AUTHOR = {Bauer, Andrej and Berger, Ulrich and Fouch\'{e}, Willem and
              Spreen, Dieter and Tsuiki, Hideki and Ziegler, Martin},
     TITLE = {Preface to the special issue: {C}ontinuity, {C}omputability,
              {C}onstructivity: {F}rom {L}ogic to {A}lgorithms 2014},
      NOTE = {Held in Ljubljana, September 2014},
   JOURNAL = {J. Log. Anal.},
  FJOURNAL = {Journal of Logic and Analysis},
    VOLUME = {9},
      YEAR = {2017},
     PAGES = {Paper No. c0, 3},
      ISSN = {1759-9008},
   MRCLASS = {03-06},
  MRNUMBER = {3646657},
}
		
@article {MR3444943,
    AUTHOR = {Bauer, Andrej},
     TITLE = {Mathematics of the transcendental [book review, {B}loomsbury,
              {N}ew {Y}ork, 2014]},
   JOURNAL = {Notices Amer. Math. Soc.},
  FJOURNAL = {Notices of the American Mathematical Society},
    VOLUME = {62},
      YEAR = {2015},
    NUMBER = {9},
     PAGES = {1070--1071},
      ISSN = {0002-9920},
   MRCLASS = {00A17},
  MRNUMBER = {3444943},
       DOI = {10.1090/noti1278},
       URL = {https://doi-org.colorado.idm.oclc.org/10.1090/noti1278},
}
		
@article {MR3391059,
    AUTHOR = {Bauer, Andrej},
     TITLE = {An injection from the {B}aire space to natural numbers},
   JOURNAL = {Math. Structures Comput. Sci.},
  FJOURNAL = {Mathematical Structures in Computer Science. A Journal in the
              Applications of Categorical, Algebraic and Geometric Methods
              in Computer Science},
    VOLUME = {25},
      YEAR = {2015},
    NUMBER = {7},
     PAGES = {1484--1489},
      ISSN = {0960-1295},
   MRCLASS = {03F60 (03D10 03F50 03F55)},
  MRNUMBER = {3391059},
MRREVIEWER = {Anton Setzer},
       DOI = {10.1017/S0960129513000406},
       URL = {https://doi-org.colorado.idm.oclc.org/10.1017/S0960129513000406},
}
		
@article {MR3292948,
    AUTHOR = {Bauer, Andrej and Pretnar, Matija},
     TITLE = {Programming with algebraic effects and handlers},
   JOURNAL = {J. Log. Algebr. Methods Program.},
  FJOURNAL = {Journal of Logical and Algebraic Methods in Programming},
    VOLUME = {84},
      YEAR = {2015},
    NUMBER = {1},
     PAGES = {108--123},
      ISSN = {2352-2208},
   MRCLASS = {68Q65 (68N18)},
  MRNUMBER = {3292948},
       DOI = {10.1016/j.jlamp.2014.02.001},
       URL = {https://doi-org.colorado.idm.oclc.org/10.1016/j.jlamp.2014.02.001},
}
		
@article {MR3291336,
    AUTHOR = {Bauer, Andrej and Pretnar, Matija},
     TITLE = {An effect system for algebraic effects and handlers},
   JOURNAL = {Log. Methods Comput. Sci.},
  FJOURNAL = {Logical Methods in Computer Science},
    VOLUME = {10},
      YEAR = {2014},
    NUMBER = {4},
     PAGES = {4:9, 29},
      ISSN = {1860-5974},
   MRCLASS = {68N18 (68Q55)},
  MRNUMBER = {3291336},
       DOI = {10.2168/LMCS-10(4:9)2014},
       URL = {https://doi-org.colorado.idm.oclc.org/10.2168/LMCS-10(4:9)2014},
}
		
@article {MR3233442,
    AUTHOR = {Bauer, Andrej and Plotkin, Gordon D. and Scott, Dana S.},
     TITLE = {Cartesian closed categories of separable {S}cott domains},
   JOURNAL = {Theoret. Comput. Sci.},
  FJOURNAL = {Theoretical Computer Science},
    VOLUME = {546},
      YEAR = {2014},
     PAGES = {17--29},
      ISSN = {0304-3975},
   MRCLASS = {68Q55 (03B40)},
  MRNUMBER = {3233442},
MRREVIEWER = {Xiaoyong Xi},
       DOI = {10.1016/j.tcs.2014.02.042},
       URL = {https://doi-org.colorado.idm.oclc.org/10.1016/j.tcs.2014.02.042},
}
		
@incollection {MR3084842,
    AUTHOR = {Bauer, Andrej and Hofmann, Martin and Karbyshev, Aleksandr},
     TITLE = {On monadic parametricity of second-order functionals},
 BOOKTITLE = {Foundations of software science and computation structures},
    SERIES = {Lecture Notes in Comput. Sci.},
    VOLUME = {7794},
     PAGES = {225--240},
 PUBLISHER = {Springer, Heidelberg},
      YEAR = {2013},
   MRCLASS = {68N18},
  MRNUMBER = {3084842},
       DOI = {10.1007/978-3-642-37075-5_15},
       URL = {https://doi-org.colorado.idm.oclc.org/10.1007/978-3-642-37075-5_15},
}
		
@article {MR3072705,
    AUTHOR = {Bauer, Andrej and Cvetko-Vah, Karin and Gehrke, Mai and van
              Gool, Samuel J. and Kudryavtseva, Ganna},
     TITLE = {A non-commutative {P}riestley duality},
   JOURNAL = {Topology Appl.},
  FJOURNAL = {Topology and its Applications},
    VOLUME = {160},
      YEAR = {2013},
    NUMBER = {12},
     PAGES = {1423--1438},
      ISSN = {0166-8641},
   MRCLASS = {06D50 (06F05 18B35 18F20)},
  MRNUMBER = {3072705},
       DOI = {10.1016/j.topol.2013.05.012},
       URL = {https://doi-org.colorado.idm.oclc.org/10.1016/j.topol.2013.05.012},
}
		
@article {MR3065261,
    AUTHOR = {Bauer, Andrej and Lumsdaine, Peter Lefanu},
     TITLE = {On the {B}ourbaki-{W}itt principle in toposes},
   JOURNAL = {Math. Proc. Cambridge Philos. Soc.},
  FJOURNAL = {Mathematical Proceedings of the Cambridge Philosophical
              Society},
    VOLUME = {155},
      YEAR = {2013},
    NUMBER = {1},
     PAGES = {87--99},
      ISSN = {0305-0041},
   MRCLASS = {03F55 (03G30 06A06 18B25)},
  MRNUMBER = {3065261},
MRREVIEWER = {V\'{a}clav Koubek},
       DOI = {10.1017/S0305004113000108},
       URL = {https://doi-org.colorado.idm.oclc.org/10.1017/S0305004113000108},
}
		
@article {MR3056430,
    AUTHOR = {Bauer, Andrej and Cvetko-Vah, Karin},
     TITLE = {Stone duality for skew {B}oolean algebras with intersections},
   JOURNAL = {Houston J. Math.},
  FJOURNAL = {Houston Journal of Mathematics},
    VOLUME = {39},
      YEAR = {2013},
    NUMBER = {1},
     PAGES = {73--109},
      ISSN = {0362-1588},
   MRCLASS = {06E15 (06E75)},
  MRNUMBER = {3056430},
MRREVIEWER = {Jonathan Leech},
}
		
@article {MR2983583,
    AUTHOR = {Hajdinjak, Melita and Bauer, Andrej},
     TITLE = {Similarity-based relations in {D}atalog programs},
   JOURNAL = {Internat. J. Uncertain. Fuzziness Knowledge-Based Systems},
  FJOURNAL = {International Journal of Uncertainty, Fuzziness and
              Knowledge-Based Systems},
    VOLUME = {20},
      YEAR = {2012},
    NUMBER = {5},
     PAGES = {673--700},
      ISSN = {0218-4885},
   MRCLASS = {68P15 (68N17)},
  MRNUMBER = {2983583},
       DOI = {10.1142/S0218488512500316},
       URL = {https://doi-org.colorado.idm.oclc.org/10.1142/S0218488512500316},
}
		
@article {MR2914155,
    AUTHOR = {Bauer, Andrej},
     TITLE = {On the failure of fixed-point theorems for chain-complete
              lattices in the effective topos},
   JOURNAL = {Theoret. Comput. Sci.},
  FJOURNAL = {Theoretical Computer Science},
    VOLUME = {430},
      YEAR = {2012},
     PAGES = {43--50},
      ISSN = {0304-3975},
   MRCLASS = {18B25 (03F50 06A99 06D05 68Q55)},
  MRNUMBER = {2914155},
MRREVIEWER = {Ali Madanshekaf},
       DOI = {10.1016/j.tcs.2011.12.005},
       URL = {https://doi-org.colorado.idm.oclc.org/10.1016/j.tcs.2011.12.005},
}
		
@article {MR2855321,
    AUTHOR = {Bauer, Andrej and Le\v{s}nik, Davorin},
     TITLE = {Metric spaces in synthetic topology},
   JOURNAL = {Ann. Pure Appl. Logic},
  FJOURNAL = {Annals of Pure and Applied Logic},
    VOLUME = {163},
      YEAR = {2012},
    NUMBER = {2},
     PAGES = {87--100},
      ISSN = {0168-0072},
   MRCLASS = {54E35 (26E40)},
  MRNUMBER = {2855321},
       DOI = {10.1016/j.apal.2011.06.017},
       URL = {https://doi-org.colorado.idm.oclc.org/10.1016/j.apal.2011.06.017},
}
		
@article {MR2855320,
    AUTHOR = {Bauer, Andrej and Coquand, Thierry and Sambin, Giovanni and
              Schuster, Peter M.},
     TITLE = {Preface [{T}he {T}hird {W}orkshop on {F}ormal {T}opology
              (3{WFT}op)]},
      NOTE = {Held in Padua, May 9--12, 2007},
   JOURNAL = {Ann. Pure Appl. Logic},
  FJOURNAL = {Annals of Pure and Applied Logic},
    VOLUME = {163},
      YEAR = {2012},
    NUMBER = {2},
     PAGES = {85--86},
      ISSN = {0168-0072},
   MRCLASS = {03-06 (54-06)},
  MRNUMBER = {2855320},
       DOI = {10.1016/j.apal.2011.06.016},
       URL = {https://doi-org.colorado.idm.oclc.org/10.1016/j.apal.2011.06.016},
}
		
@article {MR2765040,
    AUTHOR = {Bauer, Andrej and Blanck, Jens},
     TITLE = {Canonical effective subalgebras of classical algebras as
              constructive metric completions},
   JOURNAL = {J.UCS},
  FJOURNAL = {J.UCS. Journal of Universal Computer Science},
    VOLUME = {16},
      YEAR = {2010},
    NUMBER = {18},
     PAGES = {2496--2522},
      ISSN = {0948-695X},
   MRCLASS = {03F65 (03F60)},
  MRNUMBER = {2765040},
}
		
@article {MR2765039,
    AUTHOR = {Bauer, Andrej and Hertling, Peter and Ko, Ker-I},
     TITLE = {Computability and complexity in analysis {J}.{UCS} special
              issue},
   JOURNAL = {J.UCS},
  FJOURNAL = {J.UCS. Journal of Universal Computer Science},
    VOLUME = {16},
      YEAR = {2010},
    NUMBER = {18},
     PAGES = {2495},
      ISSN = {0948-695X},
   MRCLASS = {03-06 (03D78 03F60)},
  MRNUMBER = {2765039},
}
		
@article {MR2525959,
    AUTHOR = {Bauer, Andrej and Taylor, Paul},
     TITLE = {The {D}edekind reals in abstract {S}tone duality},
   JOURNAL = {Math. Structures Comput. Sci.},
  FJOURNAL = {Mathematical Structures in Computer Science. A Journal in the
              Applications of Categorical, Algebraic and Geometric Methods
              in Computer Science},
    VOLUME = {19},
      YEAR = {2009},
    NUMBER = {4},
     PAGES = {757--838},
      ISSN = {0960-1295},
   MRCLASS = {03D78 (03B40 03F60 26A03 54A99)},
  MRNUMBER = {2525959},
       DOI = {10.1017/S0960129509007695},
       URL = {https://doi-org.colorado.idm.oclc.org/10.1017/S0960129509007695},
}
		
@article {MR2522620,
    AUTHOR = {Bauer, Andrej and Kavkler, Iztok},
     TITLE = {A constructive theory of continuous domains suitable for
              implementation},
   JOURNAL = {Ann. Pure Appl. Logic},
  FJOURNAL = {Annals of Pure and Applied Logic},
    VOLUME = {159},
      YEAR = {2009},
    NUMBER = {3},
     PAGES = {251--267},
      ISSN = {0168-0072},
   MRCLASS = {03F65 (03B70 03D65 06B35)},
  MRNUMBER = {2522620},
MRREVIEWER = {Dieter Spreen},
       DOI = {10.1016/j.apal.2008.09.025},
       URL = {https://doi-org.colorado.idm.oclc.org/10.1016/j.apal.2008.09.025},
}
		
@article {MR2506637,
    AUTHOR = {Hajdinjak, Melita and Bauer, Andrej},
     TITLE = {Similarity measures for relational databases},
   JOURNAL = {Informatica (Ljubl.)},
  FJOURNAL = {Informatica. An International Journal of Computing and
              Informatics},
    VOLUME = {33},
      YEAR = {2009},
    NUMBER = {2},
     PAGES = {143--149},
      ISSN = {0350-5596},
   MRCLASS = {68P15},
  MRNUMBER = {2506637},
}
		
@article {MR2475640,
    AUTHOR = {Bauer, Andrej and Stone, Christopher A.},
     TITLE = {R{Z}: a tool for bringing constructive and computable
              mathematics closer to programming practice},
   JOURNAL = {J. Logic Comput.},
  FJOURNAL = {Journal of Logic and Computation},
    VOLUME = {19},
      YEAR = {2009},
    NUMBER = {1},
     PAGES = {17--43},
      ISSN = {0955-792X},
   MRCLASS = {03F60 (68N18)},
  MRNUMBER = {2475640},
       DOI = {10.1093/logcom/exn026},
       URL = {https://doi-org.colorado.idm.oclc.org/10.1093/logcom/exn026},
}
		
@inproceedings {MR2432987,
    AUTHOR = {Bauer, Andrej and Kavkler, Iztok},
     TITLE = {Implementing real numbers with {RZ}},
 BOOKTITLE = {Proceedings of the {F}ourth {I}nternational {C}onference on
              {C}omputability and {C}omplexity in {A}nalysis ({CCA} 2007)},
    SERIES = {Electron. Notes Theor. Comput. Sci.},
    VOLUME = {202},
     PAGES = {365--384},
 PUBLISHER = {Elsevier Sci. B. V., Amsterdam},
      YEAR = {2008},
   MRCLASS = {03F60},
  MRNUMBER = {2432987},
       DOI = {10.1016/j.entcs.2008.03.027},
       URL = {https://doi-org.colorado.idm.oclc.org/10.1016/j.entcs.2008.03.027},
}
		
@article {MR2425540,
    AUTHOR = {Awodey, Steven and Bauer, Andrej},
     TITLE = {Sheaf toposes for realizability},
   JOURNAL = {Arch. Math. Logic},
  FJOURNAL = {Archive for Mathematical Logic},
    VOLUME = {47},
      YEAR = {2008},
    NUMBER = {5},
     PAGES = {465--478},
      ISSN = {0933-5846},
   MRCLASS = {03G30 (03D65)},
  MRNUMBER = {2425540},
MRREVIEWER = {Vladimir Komendantsky},
       DOI = {10.1007/s00153-008-0090-6},
       URL = {https://doi-org.colorado.idm.oclc.org/10.1007/s00153-008-0090-6},
}
		
@incollection {MR2646213,
    AUTHOR = {Bauer, Andrej and Stone, Christopher A.},
     TITLE = {R{Z}: a tool for bringing constructive and computable
              mathematics closer to programming practice},
 BOOKTITLE = {Computation and logic in the real world},
    SERIES = {Lecture Notes in Comput. Sci.},
    VOLUME = {4497},
     PAGES = {28--42},
 PUBLISHER = {Springer, Berlin},
      YEAR = {2007},
   MRCLASS = {03F60 (68P05)},
  MRNUMBER = {2646213},
       DOI = {10.1007/978-3-540-73001-9_4},
       URL = {https://doi-org.colorado.idm.oclc.org/10.1007/978-3-540-73001-9_4},
}
		
@article {MR2090383,
    AUTHOR = {Bauer, Andrej and Simpson, Alex},
     TITLE = {Two constructive embedding-extension theorems with
              applications to continuity principles and to {B}anach-{M}azur
              computability},
   JOURNAL = {MLQ Math. Log. Q.},
  FJOURNAL = {MLQ. Mathematical Logic Quarterly},
    VOLUME = {50},
      YEAR = {2004},
    NUMBER = {4-5},
     PAGES = {351--369},
      ISSN = {0942-5616},
   MRCLASS = {03F60 (03C90 03D45 18B25)},
  MRNUMBER = {2090383},
MRREVIEWER = {A. Ku\v{c}era},
       DOI = {10.1002/malq.200310104},
       URL = {https://doi-org.colorado.idm.oclc.org/10.1002/malq.200310104},
}
		
@article {MR2081047,
    AUTHOR = {Awodey, Steven and Bauer, Andrej},
     TITLE = {Propositions as [types]},
   JOURNAL = {J. Logic Comput.},
  FJOURNAL = {Journal of Logic and Computation},
    VOLUME = {14},
      YEAR = {2004},
    NUMBER = {4},
     PAGES = {447--471},
      ISSN = {0955-792X},
   MRCLASS = {03B15 (03B20 03B45 18C50)},
  MRNUMBER = {2081047},
       DOI = {10.1093/logcom/14.4.447},
       URL = {https://doi-org.colorado.idm.oclc.org/10.1093/logcom/14.4.447},
}
		
@article {MR2072989,
    AUTHOR = {Bauer, Andrej and Birkedal, Lars and Scott, Dana S.},
     TITLE = {Equilogical spaces},
   JOURNAL = {Theoret. Comput. Sci.},
  FJOURNAL = {Theoretical Computer Science},
    VOLUME = {315},
      YEAR = {2004},
    NUMBER = {1},
     PAGES = {35--59},
      ISSN = {0304-3975},
   MRCLASS = {03B15 (18B30 18D15 68Q55)},
  MRNUMBER = {2072989},
MRREVIEWER = {Anna Labella},
       DOI = {10.1016/j.tcs.2003.11.012},
       URL = {https://doi-org.colorado.idm.oclc.org/10.1016/j.tcs.2003.11.012},
}
		
@incollection {MR2062482,
    AUTHOR = {Bauer, Andrej and Escard\'{o}, Mart\'{i}n H\"{o}tzel and Simpson, Alex},
     TITLE = {Comparing functional paradigms for exact real-number
              computation},
 BOOKTITLE = {Automata, languages and programming},
    SERIES = {Lecture Notes in Comput. Sci.},
    VOLUME = {2380},
     PAGES = {489--500},
 PUBLISHER = {Springer, Berlin},
      YEAR = {2002},
   MRCLASS = {68N18 (03D65 68Q05)},
  MRNUMBER = {2062482},
}
		
@article {MR1948051,
    AUTHOR = {Bauer, Andrej},
     TITLE = {A relationship between equilogical spaces and type two
              effectivity},
      NOTE = {Dagstuhl Seminar on Computability and Complexity in Analysis,
              2001},
   JOURNAL = {MLQ Math. Log. Q.},
  FJOURNAL = {MLQ. Mathematical Logic Quarterly},
    VOLUME = {48},
      YEAR = {2002},
    NUMBER = {suppl. 1},
     PAGES = {1--15},
      ISSN = {0942-5616},
   MRCLASS = {68Q55 (03D45 18C50 54A99)},
  MRNUMBER = {1948051},
MRREVIEWER = {Dieter Spreen},
       DOI = {10.1002/1521-3870(200210)48:1+<1::AID-MALQ11111>3.0.CO;2-7},
       URL =
              {https://doi-org.colorado.idm.oclc.org/10.1002/1521-3870(200210)48:1+<1::AID-MALQ11111>3.0.CO;2-7},
}
		
@book {MR2701797,
    AUTHOR = {Bauer, Andrej},
     TITLE = {The realizability approach to computable analysis and
              topology},
      NOTE = {Thesis (Ph.D.)--Carnegie Mellon University},
 PUBLISHER = {ProQuest LLC, Ann Arbor, MI},
      YEAR = {2000},
     PAGES = {248},
      ISBN = {978-0493-11579-5},
   MRCLASS = {Thesis},
  MRNUMBER = {2701797},
       URL =
              {http://gateway.proquest.com.colorado.idm.oclc.org/openurl?url_ver=Z39.88-2004&rft_val_fmt=info:ofi/fmt:kev:mtx:dissertation&res_dat=xri:pqdiss&rft_dat=xri:pqdiss:3002721},
}
		
@incollection {MR1859444,
    AUTHOR = {Bauer, Andrej and Birkedal, Lars},
     TITLE = {Continuous functionals of dependent types and equilogical
              spaces},
 BOOKTITLE = {Computer science logic ({F}ischbachau, 2000)},
    SERIES = {Lecture Notes in Comput. Sci.},
    VOLUME = {1862},
     PAGES = {202--216},
 PUBLISHER = {Springer, Berlin},
      YEAR = {2000},
   MRCLASS = {68Q55 (03B15)},
  MRNUMBER = {1859444},
       DOI = {10.1007/3-540-44622-2_13},
       URL = {https://doi-org.colorado.idm.oclc.org/10.1007/3-540-44622-2_13},
}
		
@article {MR1731944,
    AUTHOR = {Bauer, Andrej and Petkov\v{s}ek, Marko},
     TITLE = {Multibasic and mixed hypergeometric {G}osper-type algorithms},
      NOTE = {Differential algebra and differential equations},
   JOURNAL = {J. Symbolic Comput.},
  FJOURNAL = {Journal of Symbolic Computation},
    VOLUME = {28},
      YEAR = {1999},
    NUMBER = {4-5},
     PAGES = {711--736},
      ISSN = {0747-7171},
   MRCLASS = {33D65 (33F10)},
  MRNUMBER = {1731944},
MRREVIEWER = {Axel Riese},
       DOI = {10.1006/jsco.1999.0321},
       URL = {https://doi-org.colorado.idm.oclc.org/10.1006/jsco.1999.0321},
}
		
@article {MR1656864,
    AUTHOR = {Bauer, Andrej and Clarke, Edmund and Zhao, Xudong},
     TITLE = {Analytica---an experiment in combining theorem proving and
              symbolic computation},
   JOURNAL = {J. Automat. Reason.},
  FJOURNAL = {Journal of Automated Reasoning},
    VOLUME = {21},
      YEAR = {1998},
    NUMBER = {3},
     PAGES = {295--325},
      ISSN = {0168-7433},
   MRCLASS = {68T15 (68Q40)},
  MRNUMBER = {1656864},
       DOI = {10.1023/A:1006079212546},
       URL = {https://doi-org.colorado.idm.oclc.org/10.1023/A:1006079212546},
}
		
