
@article {MR3788810,
    AUTHOR = {Behrisch, Mike and Vargas-Garc\'{i}a, Edith},
     TITLE = {Unique inclusions of maximal {C}-clones in maximal clones},
   JOURNAL = {Algebra Universalis},
  FJOURNAL = {Algebra Universalis},
    VOLUME = {79},
      YEAR = {2018},
    NUMBER = {2},
     PAGES = {Art. 31, 21},
      ISSN = {0002-5240},
   MRCLASS = {08A40 (08A02 08A99)},
  MRNUMBER = {3788810},
       DOI = {10.1007/s00012-018-0497-9},
       URL = {https://doi-org.colorado.idm.oclc.org/10.1007/s00012-018-0497-9},
}
		
@article {MR3607630,
    AUTHOR = {Behrisch, Mike and Truss, John K. and Vargas-Garc\'{i}a, Edith},
     TITLE = {Reconstructing the topology on monoids and polymorphism clones
              of the rationals},
   JOURNAL = {Studia Logica},
  FJOURNAL = {Studia Logica. An International Journal for Symbolic Logic},
    VOLUME = {105},
      YEAR = {2017},
    NUMBER = {1},
     PAGES = {65--91},
      ISSN = {0039-3215},
   MRCLASS = {08A35 (06A05 22F50)},
  MRNUMBER = {3607630},
MRREVIEWER = {Keith A. Kearnes},
       DOI = {10.1007/s11225-016-9682-z},
       URL = {https://doi-org.colorado.idm.oclc.org/10.1007/s11225-016-9682-z},
}
		
@article {MR3606493,
    AUTHOR = {Behrisch, Mike and Kerkhoff, Sebastian and P\"{o}schel, Reinhard
              and Schneider, Friedrich Martin and Siegmund, Stefan},
     TITLE = {Dynamical systems in categories},
   JOURNAL = {Appl. Categ. Structures},
  FJOURNAL = {Applied Categorical Structures. A Journal Devoted to
              Applications of Categorical Methods in Algebra, Analysis,
              Order, Topology and Computer Science},
    VOLUME = {25},
      YEAR = {2017},
    NUMBER = {1},
     PAGES = {29--57},
      ISSN = {0927-2852},
   MRCLASS = {37B99 (18C15 18D15 37B55 68Q65)},
  MRNUMBER = {3606493},
       DOI = {10.1007/s10485-015-9409-8},
       URL = {https://doi-org.colorado.idm.oclc.org/10.1007/s10485-015-9409-8},
}
		
@article {MR3556819,
    AUTHOR = {Behrisch, Mike},
     TITLE = {Galois theory for semiclones},
   JOURNAL = {Algebra Universalis},
  FJOURNAL = {Algebra Universalis},
    VOLUME = {76},
      YEAR = {2016},
    NUMBER = {3},
     PAGES = {385--413},
      ISSN = {0002-5240},
   MRCLASS = {08A40 (06A15 08A02)},
  MRNUMBER = {3556819},
MRREVIEWER = {Margarita Benito Ramalho},
       DOI = {10.1007/s00012-016-0407-y},
       URL = {https://doi-org.colorado.idm.oclc.org/10.1007/s00012-016-0407-y},
}
		
@incollection {MR3533844,
    AUTHOR = {Behrisch, Mike and Hermann, Miki and Mengel, Stefan and
              Salzer, Gernot},
     TITLE = {The next whisky bar},
 BOOKTITLE = {Computer science---theory and applications},
    SERIES = {Lecture Notes in Comput. Sci.},
    VOLUME = {9691},
     PAGES = {41--56},
 PUBLISHER = {Springer, [Cham]},
      YEAR = {2016},
   MRCLASS = {68Q25 (03B05 06E30 68Q17)},
  MRNUMBER = {3533844},
       DOI = {10.1007/978-3-319-34171-2_4},
       URL = {https://doi-org.colorado.idm.oclc.org/10.1007/978-3-319-34171-2_4},
}
		
@incollection {MR3492455,
    AUTHOR = {Behrisch, Mike and Hermann, Miki and Mengel, Stefan and
              Salzer, Gernot},
     TITLE = {As close as it gets},
 BOOKTITLE = {W{ALCOM}: algorithms and computation},
    SERIES = {Lecture Notes in Comput. Sci.},
    VOLUME = {9627},
     PAGES = {222--235},
 PUBLISHER = {Springer, [Cham]},
      YEAR = {2016},
   MRCLASS = {68R05 (68Q17 68Q25 90C09)},
  MRNUMBER = {3492455},
       DOI = {10.1007/978-3-319-30139-6_18},
       URL = {https://doi-org.colorado.idm.oclc.org/10.1007/978-3-319-30139-6_18},
}
		
@incollection {MR3489523,
    AUTHOR = {Behrisch, Mike and Hermann, Miki and Mengel, Stefan and
              Salzer, Gernot},
     TITLE = {Give me another one!},
 BOOKTITLE = {Algorithms and computation},
    SERIES = {Lecture Notes in Comput. Sci.},
    VOLUME = {9472},
     PAGES = {664--676},
 PUBLISHER = {Springer, Heidelberg},
      YEAR = {2015},
   MRCLASS = {68Q30 (03B05 68Q17 68Q25 90C09)},
  MRNUMBER = {3489523},
       DOI = {10.1007/978-3-662-48971-0_56},
       URL = {https://doi-org.colorado.idm.oclc.org/10.1007/978-3-662-48971-0_56},
}
		
@inproceedings {MR3213201,
    AUTHOR = {Behrisch, Mike},
     TITLE = {Clones with nullary operations},
 BOOKTITLE = {Proceedings of the {W}orkshop on {A}lgebra, {C}oalgebra and
              {T}opology ({WACT} 2013)},
    SERIES = {Electron. Notes Theor. Comput. Sci.},
    VOLUME = {303},
     PAGES = {3--35},
 PUBLISHER = {Elsevier Sci. B. V., Amsterdam},
      YEAR = {2014},
   MRCLASS = {08A40},
  MRNUMBER = {3213201},
       DOI = {10.1016/j.entcs.2014.02.002},
       URL = {https://doi-org.colorado.idm.oclc.org/10.1016/j.entcs.2014.02.002},
}
		
@article {MR3128710,
    AUTHOR = {Schneider, Friedrich Martin and Kerkhoff, Sebastian and
              Behrisch, Mike and Siegmund, Stefan},
     TITLE = {Erratum to: {C}haotic actions of topological semigroups
              [MR3128709]},
   JOURNAL = {Semigroup Forum},
  FJOURNAL = {Semigroup Forum},
    VOLUME = {87},
      YEAR = {2013},
    NUMBER = {3},
     PAGES = {599--600},
      ISSN = {0037-1912},
   MRCLASS = {37B05 (54E15 54H20)},
  MRNUMBER = {3128710},
MRREVIEWER = {Guo Wei},
       DOI = {10.1007/s00233-013-9539-y},
       URL = {https://doi-org.colorado.idm.oclc.org/10.1007/s00233-013-9539-y},
}
		
@article {MR3128709,
    AUTHOR = {Schneider, Friedrich Martin and Kerkhoff, Sebastian and
              Behrisch, Mike and Siegmund, Stefan},
     TITLE = {Chaotic actions of topological semigroups},
   JOURNAL = {Semigroup Forum},
  FJOURNAL = {Semigroup Forum},
    VOLUME = {87},
      YEAR = {2013},
    NUMBER = {3},
     PAGES = {590--598},
      ISSN = {0037-1912},
   MRCLASS = {37B05 (54E15 54H20)},
  MRNUMBER = {3128709},
MRREVIEWER = {Guo Wei},
       DOI = {10.1007/s00233-013-9517-4},
       URL = {https://doi-org.colorado.idm.oclc.org/10.1007/s00233-013-9517-4},
}
		
@article {MR3123166,
    AUTHOR = {Schneider, Friedrich Martin and Kerkhoff, Sebastian and
              Behrisch, Mike and Siegmund, Stefan},
     TITLE = {Locally compact groups admitting faithful strongly chaotic
              actions on {H}ausdorff spaces},
   JOURNAL = {Internat. J. Bifur. Chaos Appl. Sci. Engrg.},
  FJOURNAL = {International Journal of Bifurcation and Chaos in Applied
              Sciences and Engineering},
    VOLUME = {23},
      YEAR = {2013},
    NUMBER = {9},
     PAGES = {1350158, 8},
      ISSN = {0218-1274},
   MRCLASS = {37B40 (37B05)},
  MRNUMBER = {3123166},
       DOI = {10.1142/S0218127413501587},
       URL = {https://doi-org.colorado.idm.oclc.org/10.1142/S0218127413501587},
}
		
@inproceedings {MR3003214,
    AUTHOR = {Behrisch, Mike and Kerkhoff, Sebastian and Power, John},
     TITLE = {Category theoretic understandings of universal algebra and its
              dual: monads and {L}awvere theories, comonads and what?},
 BOOKTITLE = {Proceedings of the 28th {C}onference on the {M}athematical
              {F}oundations of {P}rogramming {S}emantics ({MFPS} {XXVIII})},
    SERIES = {Electron. Notes Theor. Comput. Sci.},
    VOLUME = {286},
     PAGES = {5--16},
 PUBLISHER = {Elsevier Sci. B. V., Amsterdam},
      YEAR = {2012},
   MRCLASS = {Expansion},
  MRNUMBER = {3003214},
       DOI = {10.1016/j.entcs.2012.08.002},
       URL = {https://doi-org.colorado.idm.oclc.org/10.1016/j.entcs.2012.08.002},
}
		
@article {MR2926311,
    AUTHOR = {Behrisch, Mike and Couceiro, Miguel and Kearnes, Keith A. and
              Lehtonen, Erkko and Szendrei, \'{A}gnes},
     TITLE = {Commuting polynomial operations of distributive lattices},
   JOURNAL = {Order},
  FJOURNAL = {Order. A Journal on the Theory of Ordered Sets and its
              Applications},
    VOLUME = {29},
      YEAR = {2012},
    NUMBER = {2},
     PAGES = {245--269},
      ISSN = {0167-8094},
   MRCLASS = {08A40 (06D99 39B05)},
  MRNUMBER = {2926311},
MRREVIEWER = {Alexandr Georgievich Pinus},
       DOI = {10.1007/s11083-011-9231-3},
       URL = {https://doi-org.colorado.idm.oclc.org/10.1007/s11083-011-9231-3},
}
		
@article {MR2926310,
    AUTHOR = {Behrisch, Mike},
     TITLE = {Irreducible subalgebra primal algebras},
   JOURNAL = {Order},
  FJOURNAL = {Order. A Journal on the Theory of Ordered Sets and its
              Applications},
    VOLUME = {29},
      YEAR = {2012},
    NUMBER = {2},
     PAGES = {231--244},
      ISSN = {0167-8094},
   MRCLASS = {08A40 (08A02 08A05)},
  MRNUMBER = {2926310},
MRREVIEWER = {Keith A. Kearnes},
       DOI = {10.1007/s11083-011-9220-6},
       URL = {https://doi-org.colorado.idm.oclc.org/10.1007/s11083-011-9220-6},
}
		
@article {MR2906509,
    AUTHOR = {Behrisch, Mike and Waldhauser, Tam\'{a}s},
     TITLE = {Minimal clones with many majority operations},
   JOURNAL = {Acta Sci. Math. (Szeged)},
  FJOURNAL = {Acta Universitatis Szegediensis. Acta Scientiarum
              Mathematicarum},
    VOLUME = {77},
      YEAR = {2011},
    NUMBER = {3-4},
     PAGES = {389--402},
      ISSN = {0001-6969},
   MRCLASS = {08A40},
  MRNUMBER = {2906509},
MRREVIEWER = {Jovanka Pantovi\'{c}},
}
		
@incollection {MR2757766,
    AUTHOR = {Behrisch, Mike and Vargas, Edith Mireya},
     TITLE = {{$C$}-clones and {$C$}-automorphism groups},
 BOOKTITLE = {Contributions to general algebra 19},
     PAGES = {1--12},
 PUBLISHER = {Heyn, Klagenfurt},
      YEAR = {2010},
   MRCLASS = {08A35},
  MRNUMBER = {2757766},
}