%%% ====================================================================
%%%  BibTeX-file{
%%%     author          = 
%%%     version         = 
%%%     date            = 
%%%     time            = 
%%%     filename        = 
%%%     address         = 
%%%     telephone       = 
%%%     FAX             = 
%%%     checksum        = 
%%%     email           = 
%%%     codetable       = 
%%%     keywords        = BibTeX, template
%%%     supported       = 
%%%     docstring       = This file contains empty sample BibTeX entry
%%%                       templates, and one filled-in example of each.
%%%  }
%%% ====================================================================

@Article{,
  author =    {  },
  title =     {  },
  journal =   {  },
  year =      {  },
  OPTvolume = {  },
  OPTnumber = {  },
  OPTpages =  {  },
  OPTmonth =  {  },
  OPTnote =   {  },
  bibdate =   {  } 
}

@Booklet{,
  title =        {  },
  OPTauthor =    {  },
  OPThowpublished = {  },
  OPTaddress =   {  },
  OPTmonth =     {  },
  OPTyear =      {  },
  OPTnote =      {  },
  bibdate =      {  },
}

@Book{,
  author =       {  },
  title =        {  },
  publisher =    {  },
  year =         {  },
  ISBN =         {  },
  LCCN =         {  },
  OPTeditor =    {  },
  OPTvolume =    {  },
  OPTnumber =    {  },
  OPTseries =    {  },
  OPTaddress =   {  },
  OPTedition =   {  },
  OPTmonth =     {  },
  OPTnote =      {  },
  OPTpages =     {  },
  OPTprice =     {  },
  OPTacknowledgement = {  },
  bibdate =      {  },
}

@InBook{,
  author =       {  },
  title =        {  },
  chapter =      {  },
  publisher =    {  },
  year =         {  },
  ISBN =         {  },
  LCCN =         {  },
  OPTeditor =    {  },
  OPTvolume =    {  },
  OPTnumber =    {  },
  OPTseries =    {  },
  OPTaddress =   {  },
  OPTedition =   {  },
  OPTmonth =     {  },
  OPTtype =      {  },
  OPTnote =      {  },
  OPTpages =     {  },
  OPTprice =     {  },
  OPTacknowledgement = {  },
  bibdate =      {  },
}

@InCollection{,
  author =       {  },
  title =        {  },
  booktitle =    {  },
  publisher =    {  },
  year =         {  },
  ISBN =         {  },
  LCCN =         {  },
  OPTeditor =    {  },
  OPTvolume =    {  },
  OPTnumber =    {  },
  OPTseries =    {  },
  OPTtype =      {  },
  OPTchapter =   {  },
  OPTaddress =   {  },
  OPTedition =   {  },
  OPTmonth =     {  },
  OPTnote =      {  },
  OPTpages =     {  },
  OPTprice =     {  },
  OPTacknowledgement = {  },
  bibdate =      {  },
}

@InProceedings{,
  author =       {  },
  title =        {  },
  booktitle =    {  },
  year =         {  },
  ISBN =         {  },
  ISBN =         {  },
  OPTeditor =    {  },
  OPTvolume =    {  },
  OPTnumber =    {  },
  OPTseries =    {  },
  OPTorganization = {  },
  OPTpublisher = {  },
  OPTaddress =   {  },
  OPTmonth =     {  },
  OPTnote =      {  },
  OPTpages =     {  },
  OPTprice =     {  },
  bibdate =      {  },
}

@Manual{,
  title =        {  },
  OPTauthor =    {  },
  OPTorganization = {  },
  OPTaddress =   {  },
  OPTedition =   {  },
  OPTyear =      {  },
  OPTmonth =     {  },
  OPTnote =      {  },
  bibdate =      {  },
}

@MastersThesis{,
  author =       {  },
  title =        {  },
  school =       {  },
  year =         {  },
  OPTaddress =   {  },
  OPTmonth =     {  },
  OPTnote =      {  },
  OPTtype =      {  },
  bibdate =      {  },
}

@Misc{,
  OPTauthor =    {  },
  OPTtitle =     {  },
  OPThowpublished = {  },
  OPTyear =      {  },
  OPTmonth =     {  },
  OPTnote =      {  },
  bibdate =      {  },
}
 
@Periodical{,
  key =          {  },
  title =        {  },
  OPTeditor =    {  },
  OPTorganization = {  },
  OPTvolume =    {  },
  OPTnumber =    {  },
  OPTpages =     {  },
  OPTmonth =     {  },
  OPTyear =      {  },
  OPTISSN =      {  },
  OPTpublisher = {  },
  OPTaddress =   {  },
  OPThowpublished = {  },
  OPTnote =      {  },
  OPTkeywords =  {  },
  bibdate =      {  },
}

@PhdThesis{,
  author =       {  },
  title =        {  },
  school =       {  },
  year =         {  },
  OPTaddress =   {  },
  OPTmonth =     {  },
  OPTtype =      {  },
  OPTnote =      {  },
  bibdate =      {  },
}

@Proceedings{,
  title =        {  },
  year =         {  },
  ISBN =         {  },
  OPTeditor =    {  },
  OPTvolume =    {  },
  OPTnumber =    {  },
  OPTseries =    {  },
  OPTpublisher = {  },
  OPTorganization = {  },
  OPTaddress =   {  },
  OPTmonth =     {  },
  OPTnote =      {  },
  OPTpages =     {  },
  OPTacknowledgement = {  },
  bibdate =      {  }
}

@TechReport{,
  author =       {  },
  title =        {  },
  institution =  {  },
  year =         {  },
  OPTtype =      {  },
  OPTnumber =    {  },
  OPTaddress =   {  },
  OPTmonth =     {  },
  OPTnote =      {  },
  bibdate =      {  }
}

@Unpublished{,
  author =       {  },
  title =        {  },
  note =         {  },
  OPTyear =      {  },
  OPTmonth =     {  },
  bibdate =      {  }
}

%%======================================================================
