@article {MR3806503,
    AUTHOR = {Blanchette, Jasmin Christian and Fleury, Mathias and Lammich,
              Peter and Weidenbach, Christoph},
     TITLE = {A verified {SAT} solver framework with learn, forget, restart,
              and incrementality},
   JOURNAL = {J. Automat. Reason.},
  FJOURNAL = {Journal of Automated Reasoning},
    VOLUME = {61},
      YEAR = {2018},
    NUMBER = {1-4},
     PAGES = {333--365},
      ISSN = {0168-7433},
   MRCLASS = {68T15 (03B35 68T05 68T20)},
  MRNUMBER = {3806503},
       DOI = {10.1007/s10817-018-9455-7},
       URL = {https://doi-org.colorado.idm.oclc.org/10.1007/s10817-018-9455-7},
}
@article {MR3806495,
    AUTHOR = {Avigad, Jeremy and Blanchette, Jasmin Christian and Klein,
              Gerwin and Paulson, Lawrence and Popescu, Andrei and Snelting,
              Gregor},
     TITLE = {Introduction to {M}ilestones in interactive theorem proving},
   JOURNAL = {J. Automat. Reason.},
  FJOURNAL = {Journal of Automated Reasoning},
    VOLUME = {61},
      YEAR = {2018},
    NUMBER = {1-4},
     PAGES = {1--8},
      ISSN = {0168-7433},
   MRCLASS = {68-06 (01A70 03B35 68-03 68T15)},
  MRNUMBER = {3806495},
       DOI = {10.1007/s10817-018-9465-5},
       URL = {https://doi-org.colorado.idm.oclc.org/10.1007/s10817-018-9465-5},
}
@incollection {MR3776897,
    AUTHOR = {Blanchette, Jasmin Christian and Meier, Fabian and Popescu,
              Andrei and Traytel, Dmitriy},
     TITLE = {Foundational nonuniform (co)datatypes for higher-order logic},
 BOOKTITLE = {2017 32nd {A}nnual {ACM}/{IEEE} {S}ymposium on {L}ogic in
              {C}omputer {S}cience ({LICS})},
     PAGES = {12},
 PUBLISHER = {IEEE, [Piscataway], NJ},
      YEAR = {2017},
   MRCLASS = {68Q65 (03B15)},
  MRNUMBER = {3776897},
}
@inproceedings {MR3747686,
    AUTHOR = {Barbosa, Haniel and Blanchette, Jasmin Christian and Cruanes,
              Simon and El Ouraoui, Daniel and Fontaine, Pascal},
     TITLE = {Language and proofs for higher-order {SMT} (work in progress)},
 BOOKTITLE = {Proceedings of the {F}ifth {W}orkshop on {P}roof e{X}change
              for {T}heorem {P}roving},
    SERIES = {Electron. Proc. Theor. Comput. Sci. (EPTCS)},
    VOLUME = {262},
     PAGES = {15--22},
 PUBLISHER = {EPTCS, [place of publication not identified]},
      YEAR = {2017},
   MRCLASS = {68T20 (68T15)},
  MRNUMBER = {3747686},
}
@incollection {MR3713225,
    AUTHOR = {Blanchette, Jasmin Christian and Fleury, Mathias and Traytel,
              Dmitriy},
     TITLE = {Nested multisets, hereditary multisets, and syntactic ordinals
              in {I}sabelle/{HOL}},
 BOOKTITLE = {2nd {I}nternational {C}onference on {F}ormal {S}tructures for
              {C}omputation and {D}eduction},
    SERIES = {LIPIcs. Leibniz Int. Proc. Inform.},
    VOLUME = {84},
     PAGES = {Art. No. 11, 18},
 PUBLISHER = {Schloss Dagstuhl. Leibniz-Zent. Inform., Wadern},
      YEAR = {2017},
   MRCLASS = {03B35},
  MRNUMBER = {3713225},
}
@incollection {MR3706531,
    AUTHOR = {Biendarra, Julian and Blanchette, Jasmin Christian and Bouzy,
              Aymeric and et al.},
     TITLE = {Foundational (co)datatypes and (co)recursion for higher-order
              logic},
 BOOKTITLE = {Frontiers of combining systems},
    SERIES = {Lecture Notes in Comput. Sci.},
    VOLUME = {10483},
     PAGES = {3--21},
 PUBLISHER = {Springer, Cham},
      YEAR = {2017},
   MRCLASS = {68T15 (03B15 68Q55)},
  MRNUMBER = {3706531},
}
@incollection {MR3706439,
    AUTHOR = {Bentkamp, Alexander and Blanchette, Jasmin Christian and
              Klakow, Dietrich},
     TITLE = {A formal proof of the expressiveness of deep learning},
 BOOKTITLE = {Interactive theorem proving},
    SERIES = {Lecture Notes in Comput. Sci.},
    VOLUME = {10499},
     PAGES = {46--64},
 PUBLISHER = {Springer, Cham},
      YEAR = {2017},
   MRCLASS = {68T15 (68T05)},
  MRNUMBER = {3706439},
}
@incollection {MR3691038,
    AUTHOR = {Becker, Heiko and Blanchette, Jasmin Christian and Waldmann,
              Uwe and Wand, Daniel},
     TITLE = {A transfinite {K}nuth-{B}endix order for lambda-free
              higher-order terms},
 BOOKTITLE = {Automated deduction---{CADE} 26},
    SERIES = {Lecture Notes in Comput. Sci.},
    VOLUME = {10395},
     PAGES = {432--453},
 PUBLISHER = {Springer, Cham},
      YEAR = {2017},
   MRCLASS = {68T15 (03E70 06A06 68N18 68Q42)},
  MRNUMBER = {3691038},
}
@incollection {MR3691036,
    AUTHOR = {Barbosa, Haniel and Blanchette, Jasmin Christian and Fontaine,
              Pascal},
     TITLE = {Scalable fine-grained proofs for formula processing},
 BOOKTITLE = {Automated deduction---{CADE} 26},
    SERIES = {Lecture Notes in Comput. Sci.},
    VOLUME = {10395},
     PAGES = {398--412},
 PUBLISHER = {Springer, Cham},
      YEAR = {2017},
   MRCLASS = {03B35 (68T15)},
  MRNUMBER = {3691036},
}
@incollection {MR3655558,
    AUTHOR = {Blanchette, Jasmin Christian and Waldmann, Uwe and Wand,
              Daniel},
     TITLE = {A lambda-free higher-order recursive path order},
 BOOKTITLE = {Foundations of software science and computation structures},
    SERIES = {Lecture Notes in Comput. Sci.},
    VOLUME = {10203},
     PAGES = {461--479},
 PUBLISHER = {Springer, Berlin},
      YEAR = {2017},
   MRCLASS = {03B40 (03B15 68N18)},
  MRNUMBER = {3655558},
}
@article {MR3605135,
    AUTHOR = {Reynolds, Andrew and Blanchette, Jasmin Christian},
     TITLE = {A decision procedure for ({C}o)datatypes in {SMT} solvers},
   JOURNAL = {J. Automat. Reason.},
  FJOURNAL = {Journal of Automated Reasoning},
    VOLUME = {58},
      YEAR = {2017},
    NUMBER = {3},
     PAGES = {341--362},
      ISSN = {0168-7433},
   MRCLASS = {68N18 (03B25 03B35 68P05 68T15 68T20)},
  MRNUMBER = {3605135},
       DOI = {10.1007/s10817-016-9372-6},
       URL = {https://doi-org.colorado.idm.oclc.org/10.1007/s10817-016-9372-6},
}
@article {MR3595406,
    AUTHOR = {Blanchette, Jasmin Christian and Popescu, Andrei and Traytel,
              Dmitriy},
     TITLE = {Soundness and completeness proofs by coinductive methods},
   JOURNAL = {J. Automat. Reason.},
  FJOURNAL = {Journal of Automated Reasoning},
    VOLUME = {58},
      YEAR = {2017},
    NUMBER = {1},
     PAGES = {149--179},
      ISSN = {0168-7433},
   MRCLASS = {03B35 (03B10 03F03 68Q65)},
  MRNUMBER = {3595406},
       DOI = {10.1007/s10817-016-9391-3},
       URL = {https://doi-org.colorado.idm.oclc.org/10.1007/s10817-016-9391-3},
}
@inproceedings {MR3662736,
    AUTHOR = {Cruanes, Simon and Blanchette, Jasmin Christian},
     TITLE = {Extending {N}unchaku to dependent type theory},
 BOOKTITLE = {Proceedings {F}irst {I}nternational {W}orkshop on {H}ammers
              for {T}ype {T}heories},
    SERIES = {Electron. Proc. Theor. Comput. Sci. (EPTCS)},
    VOLUME = {210},
     PAGES = {3--12},
 PUBLISHER = {EPTCS, [place of publication not identified]},
      YEAR = {2016},
   MRCLASS = {68T15 (03B15)},
  MRNUMBER = {3662736},
}
@article {MR3600006,
    AUTHOR = {Blanchette, Jasmin Christian and B\"{o}hme, Sascha and Popescu,
              Andrei and Smallbone, Nicholas},
     TITLE = {Encoding monomorphic and polymorphic types},
   JOURNAL = {Log. Methods Comput. Sci.},
  FJOURNAL = {Logical Methods in Computer Science},
    VOLUME = {12},
      YEAR = {2016},
    NUMBER = {4},
     PAGES = {Paper No. 13, 52},
      ISSN = {1860-5974},
   MRCLASS = {68T15 (68N18)},
  MRNUMBER = {3600006},
       DOI = {10.2168/lmcs-12(4:13)2016},
       URL = {https://doi-org.colorado.idm.oclc.org/10.2168/lmcs-12(4:13)2016},
}
@article {MR3543235,
    AUTHOR = {Blanchette, Jasmin Christian and Greenaway, David and
              Kaliszyk, Cezary and K\"{u}hlwein, Daniel and Urban, Josef},
     TITLE = {A learning-based fact selector for {I}sabelle/{HOL}},
   JOURNAL = {J. Automat. Reason.},
  FJOURNAL = {Journal of Automated Reasoning},
    VOLUME = {57},
      YEAR = {2016},
    NUMBER = {3},
     PAGES = {219--244},
      ISSN = {0168-7433},
   MRCLASS = {68T15 (68T05)},
  MRNUMBER = {3543235},
       DOI = {10.1007/s10817-016-9362-8},
       URL = {https://doi-org.colorado.idm.oclc.org/10.1007/s10817-016-9362-8},
}
@incollection {MR3536764,
    AUTHOR = {Reynolds, Andrew and Blanchette, Jasmin Christian and Cruanes,
              Simon and Tinelli, Cesare},
     TITLE = {Model finding for recursive functions in {SMT}},
 BOOKTITLE = {Automated reasoning},
    SERIES = {Lecture Notes in Comput. Sci.},
    VOLUME = {9706},
     PAGES = {133--151},
 PUBLISHER = {Springer, [Cham]},
      YEAR = {2016},
   MRCLASS = {68Q60 (68T15)},
  MRNUMBER = {3536764},
       DOI = {10.1007/978-3-319-40229-1_10},
       URL = {https://doi-org.colorado.idm.oclc.org/10.1007/978-3-319-40229-1_10},
}
@incollection {MR3536758,
    AUTHOR = {Blanchette, Jasmin Christian and Fleury, Mathias and
              Weidenbach, Christoph},
     TITLE = {A verified {SAT} solver framework with learn, forget, restart,
              and incrementality},
 BOOKTITLE = {Automated reasoning},
    SERIES = {Lecture Notes in Comput. Sci.},
    VOLUME = {9706},
     PAGES = {25--44},
 PUBLISHER = {Springer, [Cham]},
      YEAR = {2016},
   MRCLASS = {68T05 (68N18 68T15 68T20)},
  MRNUMBER = {3536758},
       DOI = {10.1007/978-3-319-40229-1_4},
       URL = {https://doi-org.colorado.idm.oclc.org/10.1007/978-3-319-40229-1_4},
}
@article {MR3460643,
    AUTHOR = {Blanchette, Jasmin C. and Kaliszyk, Cezary and Paulson,
              Lawrence C. and Urban, Josef},
     TITLE = {Hammering towards {QED}},
   JOURNAL = {J. Formaliz. Reason.},
  FJOURNAL = {Journal of Formalized Reasoning},
    VOLUME = {9},
      YEAR = {2016},
    NUMBER = {1},
     PAGES = {101--148},
      ISSN = {1972-5787},
   MRCLASS = {03B35 (68T15)},
  MRNUMBER = {3460643},
MRREVIEWER = {Andrzej Wi\'{s}nicki},
}
@article {MR3455181,
    AUTHOR = {Blanchette, Jasmin Christian and B\"{o}hme, Sascha and Fleury,
              Mathias and Smolka, Steffen Juilf and Steckermeier, Albert},
     TITLE = {Semi-intelligible {I}sar proofs from machine-generated proofs},
   JOURNAL = {J. Automat. Reason.},
  FJOURNAL = {Journal of Automated Reasoning},
    VOLUME = {56},
      YEAR = {2016},
    NUMBER = {2},
     PAGES = {155--200},
      ISSN = {0168-7433},
   MRCLASS = {03B35 (68T15)},
  MRNUMBER = {3455181},
       DOI = {10.1007/s10817-015-9335-3},
       URL = {https://doi-org.colorado.idm.oclc.org/10.1007/s10817-015-9335-3},
}
@incollection {MR3578606,
    AUTHOR = {Blanchette, Jasmin Christian and Popescu, Andrei and Traytel,
              Dmitriy},
     TITLE = {Foundational extensible corecursion: a proof assistant
              perspective},
 BOOKTITLE = {I{CFP}'15---{P}roceedings of the 20th {ACM} {SIGPLAN}
              {I}nternational {C}onference on {F}unctional {P}rogramming},
     PAGES = {192--204},
 PUBLISHER = {ACM, New York},
      YEAR = {2015},
   MRCLASS = {03B35 (68N30)},
  MRNUMBER = {3578606},
}
@incollection {MR3446892,
    AUTHOR = {Reynolds, Andrew and Blanchette, Jasmin Christian},
     TITLE = {A decision procedure for ({C}o)datatypes in {SMT} solvers},
 BOOKTITLE = {Automated deduction---{CADE} 25},
    SERIES = {Lecture Notes in Comput. Sci.},
    VOLUME = {9195},
     PAGES = {197--213},
 PUBLISHER = {Springer, Cham},
      YEAR = {2015},
   MRCLASS = {03B25 (03B35 68N18 68T20)},
  MRNUMBER = {3446892},
       DOI = {10.1007/978-3-319-21401-6_13},
       URL = {https://doi-org.colorado.idm.oclc.org/10.1007/978-3-319-21401-6_13},
}
@incollection {MR3307878,
    AUTHOR = {Blanchette, Jasmin Christian and K\"{u}hlwein, Daniel},
     TITLE = {A survey of axiom selection as a machine learning problem},
 BOOKTITLE = {Infinity, computability, and metamathematics},
    SERIES = {Tributes},
    VOLUME = {23},
     PAGES = {29--48},
 PUBLISHER = {Coll. Publ., London},
      YEAR = {2014},
   MRCLASS = {68T15 (68T05)},
  MRNUMBER = {3307878},
}
@incollection {MR3238789,
    AUTHOR = {Blanchette, Jasmin Christian and Popescu, Andrei and Traytel,
              Dmitriy},
     TITLE = {Unified classical logic completeness: a coinductive pearl},
 BOOKTITLE = {Automated reasoning},
    SERIES = {Lecture Notes in Comput. Sci.},
    VOLUME = {8562},
     PAGES = {46--60},
 PUBLISHER = {Springer, Cham},
      YEAR = {2014},
   MRCLASS = {03B35 (03B10 03F03)},
  MRNUMBER = {3238789},
       DOI = {10.1007/978-3-319-08587-6_4},
       URL = {https://doi-org.colorado.idm.oclc.org/10.1007/978-3-319-08587-6_4},
}
@incollection {MR3111263,
    AUTHOR = {K\"{u}hlwein, Daniel and Blanchette, Jasmin Christian and
              Kaliszyk, Cezary and Urban, Josef},
     TITLE = {Ma{S}h: machine learning for {S}ledgehammer},
 BOOKTITLE = {Interactive theorem proving},
    SERIES = {Lecture Notes in Comput. Sci.},
    VOLUME = {7998},
     PAGES = {35--50},
 PUBLISHER = {Springer, Heidelberg},
      YEAR = {2013},
   MRCLASS = {Expansion},
  MRNUMBER = {3111263},
       DOI = {10.1007/978-3-642-39634-2_6},
       URL = {https://doi-org.colorado.idm.oclc.org/10.1007/978-3-642-39634-2_6},
}
@incollection {MR3095587,
    AUTHOR = {Blanchette, Jasmin Christian and Paskevich, Andrei},
     TITLE = {T{FF}1: the {TPTP} typed first-order form with rank-1
              polymorphism},
 BOOKTITLE = {Automated deduction---{CADE}-24},
    SERIES = {Lecture Notes in Comput. Sci.},
    VOLUME = {7898},
     PAGES = {414--420},
 PUBLISHER = {Springer, Heidelberg},
      YEAR = {2013},
   MRCLASS = {Expansion},
  MRNUMBER = {3095587},
       DOI = {10.1007/978-3-642-38574-2_29},
       URL = {https://doi-org.colorado.idm.oclc.org/10.1007/978-3-642-38574-2_29},
}
@article {MR3063485,
    AUTHOR = {Blanchette, Jasmin Christian and B\"{o}hme, Sascha and Paulson,
              Lawrence C.},
     TITLE = {Extending {S}ledgehammer with {SMT} solvers},
   JOURNAL = {J. Automat. Reason.},
  FJOURNAL = {Journal of Automated Reasoning},
    VOLUME = {51},
      YEAR = {2013},
    NUMBER = {1},
     PAGES = {109--128},
      ISSN = {0168-7433},
   MRCLASS = {68T15 (03B35)},
  MRNUMBER = {3063485},
       DOI = {10.1007/s10817-013-9278-5},
       URL = {https://doi-org.colorado.idm.oclc.org/10.1007/s10817-013-9278-5},
}
@article {MR3010094,
    AUTHOR = {Sultana, Nik and Blanchette, Jasmin Christian and Paulson,
              Lawrence C.},
     TITLE = {L{EO}-{II} and {S}atallax on the {S}ledgehammer test bench},
   JOURNAL = {J. Appl. Log.},
  FJOURNAL = {Journal of Applied Logic},
    VOLUME = {11},
      YEAR = {2013},
    NUMBER = {1},
     PAGES = {91--102},
      ISSN = {1570-8683},
   MRCLASS = {68T15},
  MRNUMBER = {3010094},
       DOI = {10.1016/j.jal.2012.12.002},
       URL = {https://doi-org.colorado.idm.oclc.org/10.1016/j.jal.2012.12.002},
}
@inproceedings {MR3051361,
    AUTHOR = {Traytel, Dmitriy and Popescu, Andrei and Blanchette, Jasmin
              Christian},
     TITLE = {Foundational, compositional (co)datatypes for higher-order
              logic: category theory applied to theorem proving},
 BOOKTITLE = {Proceedings of the 2012 27th {A}nnual {ACM}/{IEEE} {S}ymposium
              on {L}ogic in {C}omputer {S}cience},
     PAGES = {596--605},
 PUBLISHER = {IEEE Computer Soc., Los Alamitos, CA},
      YEAR = {2012},
   MRCLASS = {68Q65 (68T15)},
  MRNUMBER = {3051361},
       DOI = {10.1109/LICS.2012.75},
       URL = {https://doi-org.colorado.idm.oclc.org/10.1109/LICS.2012.75},
}
@incollection {MR3003528,
    AUTHOR = {Blanchette, Jasmin Christian and Popescu, Andrei and Wand,
              Daniel and Weidenbach, Christoph},
     TITLE = {More {SPASS} with {I}sabelle: superposition with hard sorts
              and configurable simplification},
 BOOKTITLE = {Interactive theorem proving},
    SERIES = {Lecture Notes in Comput. Sci.},
    VOLUME = {7406},
     PAGES = {345--360},
 PUBLISHER = {Springer, Heidelberg},
      YEAR = {2012},
   MRCLASS = {Expansion},
  MRNUMBER = {3003528},
       DOI = {10.1007/978-3-642-32347-8_24},
       URL = {https://doi-org.colorado.idm.oclc.org/10.1007/978-3-642-32347-8_24},
}
@incollection {MR2914977,
    AUTHOR = {Blanchette, Jasmin Christian and Bulwahn, Lukas and Nipkow,
              Tobias},
     TITLE = {Automatic proof and disproof in {I}sabelle/{HOL}},
 BOOKTITLE = {Frontiers of combining systems},
    SERIES = {Lecture Notes in Comput. Sci.},
    VOLUME = {6989},
     PAGES = {12--27},
 PUBLISHER = {Springer, Heidelberg},
      YEAR = {2011},
   MRCLASS = {Expansion},
  MRNUMBER = {2914977},
       DOI = {10.1007/978-3-642-24364-6_2},
       URL = {https://doi-org.colorado.idm.oclc.org/10.1007/978-3-642-24364-6_2},
}
@article {MR2870629,
    AUTHOR = {Blanchette, Jasmin Christian and Krauss, Alexander},
     TITLE = {Monotonicity inference for higher-order formulas},
   JOURNAL = {J. Automat. Reason.},
  FJOURNAL = {Journal of Automated Reasoning},
    VOLUME = {47},
      YEAR = {2011},
    NUMBER = {4},
     PAGES = {369--398},
      ISSN = {0168-7433},
   MRCLASS = {03B15 (03B35 68T15)},
  MRNUMBER = {2870629},
       DOI = {10.1007/s10817-011-9234-1},
       URL = {https://doi-org.colorado.idm.oclc.org/10.1007/s10817-011-9234-1},
}
@incollection {MR2862862,
    AUTHOR = {Blanchette, Jasmin Christian and B\"{o}hme, Sascha and Paulson,
              Lawrence C.},
     TITLE = {Extending sledgehammer with {SMT} solvers},
 BOOKTITLE = {Automated deduction---{CADE}-23},
    SERIES = {Lecture Notes in Comput. Sci.},
    VOLUME = {6803},
     PAGES = {116--130},
 PUBLISHER = {Springer, Heidelberg},
      YEAR = {2011},
   MRCLASS = {Expansion},
  MRNUMBER = {2862862},
       DOI = {10.1007/978-3-642-22438-6_11},
       URL = {https://doi-org.colorado.idm.oclc.org/10.1007/978-3-642-22438-6_11},
}
@incollection {MR2926343,
    AUTHOR = {Blanchette, Jasmin Christian and Claessen, Koen},
     TITLE = {Generating counterexamples for structural inductions by
              exploiting nonstandard models},
 BOOKTITLE = {Logic for programming, artificial intelligence, and reasoning},
    SERIES = {Lecture Notes in Comput. Sci.},
    VOLUME = {6397},
     PAGES = {127--141},
 PUBLISHER = {Springer, Berlin},
      YEAR = {2010},
   MRCLASS = {Expansion},
  MRNUMBER = {2926343},
       DOI = {10.1007/978-3-642-16242-8_10},
       URL = {https://doi-org.colorado.idm.oclc.org/10.1007/978-3-642-16242-8_10},
}
@incollection {MR2892680,
    AUTHOR = {Blanchette, Jasmin Christian},
     TITLE = {Relational analysis of (co)inductive predicates, (co)algebraic
              datatypes, and (co)recursive functions},
 BOOKTITLE = {Tests and proofs},
    SERIES = {Lecture Notes in Comput. Sci.},
    VOLUME = {6143},
     PAGES = {117--134},
 PUBLISHER = {Springer, Berlin},
      YEAR = {2010},
   MRCLASS = {Expansion},
  MRNUMBER = {2892680},
       DOI = {10.1007/978-3-642-13977-2_11},
       URL = {https://doi-org.colorado.idm.oclc.org/10.1007/978-3-642-13977-2_11},
}
@incollection {MR2678736,
    AUTHOR = {Blanchette, Jasmin Christian and Nipkow, Tobias},
     TITLE = {Nitpick: a counterexample generator for higher-order logic
              based on a relational model finder},
 BOOKTITLE = {Interactive theorem proving},
    SERIES = {Lecture Notes in Comput. Sci.},
    VOLUME = {6172},
     PAGES = {131--146},
 PUBLISHER = {Springer, Berlin},
      YEAR = {2010},
   MRCLASS = {Expansion},
  MRNUMBER = {2678736},
       DOI = {10.1007/978-3-642-14052-5_11},
       URL = {https://doi-org.colorado.idm.oclc.org/10.1007/978-3-642-14052-5_11},
}
@article {MR2507213,
    AUTHOR = {Blanchette, Jasmin Christian},
     TITLE = {Proof pearl: mechanizing the textbook proof of {H}uffman's
              algorithm},
   JOURNAL = {J. Automat. Reason.},
  FJOURNAL = {Journal of Automated Reasoning},
    VOLUME = {43},
      YEAR = {2009},
    NUMBER = {1},
     PAGES = {1--18},
      ISSN = {0168-7433},
   MRCLASS = {03B35 (00A30)},
  MRNUMBER = {2507213},
       DOI = {10.1007/s10817-009-9116-y},
       URL = {https://doi-org.colorado.idm.oclc.org/10.1007/s10817-009-9116-y},
}
