@incollection {MR3492411,
    AUTHOR = {Capretta, Venanzio and Uustalu, Tarmo},
     TITLE = {A coalgebraic view of bar recursion and bar induction},
 BOOKTITLE = {Foundations of software science and computation structures},
    SERIES = {Lecture Notes in Comput. Sci.},
    VOLUME = {9634},
     PAGES = {91--106},
 PUBLISHER = {Springer, Berlin},
      YEAR = {2016},
   MRCLASS = {03D65 (03B70)},
  MRNUMBER = {3492411},
MRREVIEWER = {M. S. Burgin},
       DOI = {10.1007/978-3-662-49630-5_6},
       URL = {http://dx.doi.org/10.1007/978-3-662-49630-5_6},
}
		
@article {MR3559429,
    AUTHOR = {Barendregt, Henk and Capretta, Venanzio and Kozen, Dexter},
     TITLE = {Reflection in the {C}homsky hierarchy},
   JOURNAL = {J. Autom. Lang. Comb.},
  FJOURNAL = {Journal of Automata, Languages and Combinatorics},
    VOLUME = {18},
      YEAR = {2013},
    NUMBER = {1},
     PAGES = {53--60},
      ISSN = {1430-189X},
   MRCLASS = {68Q45},
  MRNUMBER = {3559429},
MRREVIEWER = {Alessandra Cherubini},
}
		
@article {MR2849691,
    AUTHOR = {Capretta, Venanzio},
     TITLE = {Coalgebras in functional programming and type theory},
   JOURNAL = {Theoret. Comput. Sci.},
  FJOURNAL = {Theoretical Computer Science},
    VOLUME = {412},
      YEAR = {2011},
    NUMBER = {38},
     PAGES = {5006--5024},
      ISSN = {0304-3975},
   MRCLASS = {68Q65 (03B15 68N18)},
  MRNUMBER = {2849691},
       DOI = {10.1016/j.tcs.2011.04.024},
       URL = {http://dx.doi.org/10.1016/j.tcs.2011.04.024},
}
		
@inproceedings {MR2909657,
    AUTHOR = {Capretta, Venanzio},
     TITLE = {Bisimulations generated from corecursive equations},
 BOOKTITLE = {Proceedings of the 26th {C}onference on the {M}athematical
              {F}oundations of {P}rogramming {S}emantics ({MFPS} 2010)},
    SERIES = {Electron. Notes Theor. Comput. Sci.},
    VOLUME = {265},
     PAGES = {245--258},
 PUBLISHER = {Elsevier Sci. B. V., Amsterdam},
      YEAR = {2010},
   MRCLASS = {Indexed},
  MRNUMBER = {2909657},
       DOI = {10.1016/j.entcs.2010.08.015},
       URL = {http://dx.doi.org/10.1016/j.entcs.2010.08.015},
}
		
@incollection {MR2562548,
    AUTHOR = {Capretta, Venanzio and Felty, Amy P.},
     TITLE = {Higher-order abstract syntax in type theory},
 BOOKTITLE = {Logic {C}olloquium 2006},
    SERIES = {Lect. Notes Log.},
    VOLUME = {32},
     PAGES = {65--90},
 PUBLISHER = {Assoc. Symbol. Logic, Chicago, IL},
      YEAR = {2009},
   MRCLASS = {03B15 (03B35 68T15)},
  MRNUMBER = {2562548},
       DOI = {10.1017/CBO9780511605321.005},
       URL = {http://dx.doi.org/10.1017/CBO9780511605321.005},
}
		
@incollection {MR2550913,
    AUTHOR = {Bove, Ana and Capretta, Venanzio},
     TITLE = {A type of partial recursive functions},
 BOOKTITLE = {Theorem proving in higher order logics},
    SERIES = {Lecture Notes in Comput. Sci.},
    VOLUME = {5170},
     PAGES = {102--117},
 PUBLISHER = {Springer, Berlin},
      YEAR = {2008},
   MRCLASS = {Indexed},
  MRNUMBER = {2550913},
       DOI = {10.1007/978-3-540-71067-7_12},
       URL = {http://dx.doi.org/10.1007/978-3-540-71067-7_12},
}
		
@incollection {MR2497297,
    AUTHOR = {Capretta, Venanzio and Felty, Amy P.},
     TITLE = {Combining de {B}ruijn indices and higher-order abstract syntax
              in {C}oq},
 BOOKTITLE = {Types for proofs and programs},
    SERIES = {Lecture Notes in Comput. Sci.},
    VOLUME = {4502},
     PAGES = {63--77},
 PUBLISHER = {Springer, Berlin},
      YEAR = {2007},
   MRCLASS = {03B35 (68T15)},
  MRNUMBER = {2497297},
       DOI = {10.1007/978-3-540-74464-1_5},
       URL = {http://dx.doi.org/10.1007/978-3-540-74464-1_5},
}
		
@incollection {MR2387209,
    AUTHOR = {Bove, Ana and Capretta, Venanzio},
     TITLE = {Computation by prophecy},
 BOOKTITLE = {Typed lambda calculi and applications},
    SERIES = {Lecture Notes in Comput. Sci.},
    VOLUME = {4583},
     PAGES = {70--83},
 PUBLISHER = {Springer, Berlin},
      YEAR = {2007},
   MRCLASS = {03B15 (03B35 03B40 03D20)},
  MRNUMBER = {2387209},
       DOI = {10.1007/978-3-540-73228-0_7},
       URL = {http://dx.doi.org/10.1007/978-3-540-73228-0_7},
}
		
@article {MR2224563,
    AUTHOR = {Capretta, Venanzio and Uustalu, Tarmo and Vene, Varmo},
     TITLE = {Recursive coalgebras from comonads},
   JOURNAL = {Inform. and Comput.},
  FJOURNAL = {Information and Computation},
    VOLUME = {204},
      YEAR = {2006},
    NUMBER = {4},
     PAGES = {437--468},
      ISSN = {0890-5401},
   MRCLASS = {68N18 (18C20 68Q55 68Q65)},
  MRNUMBER = {2224563},
MRREVIEWER = {Lutz Schr\~A\P der},
       DOI = {10.1016/j.ic.2005.08.005},
       URL = {http://dx.doi.org/10.1016/j.ic.2005.08.005},
}
		
@article {MR2295750,
    AUTHOR = {Capretta, Venanzio},
     TITLE = {General recursion via conductive types},
   JOURNAL = {Log. Methods Comput. Sci.},
  FJOURNAL = {Logical Methods in Computer Science},
    VOLUME = {1},
      YEAR = {2005},
    NUMBER = {2},
     PAGES = {2:1, 28},
      ISSN = {1860-5974},
   MRCLASS = {03B15 (03D20 68N15 68N18)},
  MRNUMBER = {2295750},
       DOI = {10.2168/LMCS-1(2:1)2005},
       URL = {http://dx.doi.org/10.2168/LMCS-1(2:1)2005},
}
		
@incollection {MR2188763,
    AUTHOR = {Bove, Ana and Capretta, Venanzio},
     TITLE = {Recursive functions with higher order domains},
 BOOKTITLE = {Typed lambda calculi and applications},
    SERIES = {Lecture Notes in Comput. Sci.},
    VOLUME = {3461},
     PAGES = {116--130},
 PUBLISHER = {Springer, Berlin},
      YEAR = {2005},
   MRCLASS = {68N18 (03B15 03B40 03D20)},
  MRNUMBER = {2188763},
       DOI = {10.1007/11417170_10},
       URL = {http://dx.doi.org/10.1007/11417170_10},
}
		
@article {MR2158035,
    AUTHOR = {Bove, Ana and Capretta, Venanzio},
     TITLE = {Modelling general recursion in type theory},
   JOURNAL = {Math. Structures Comput. Sci.},
  FJOURNAL = {Mathematical Structures in Computer Science. A Journal in the
              Applications of Categorical, Algebraic and Geometric Methods
              in Computer Science},
    VOLUME = {15},
      YEAR = {2005},
    NUMBER = {4},
     PAGES = {671--708},
      ISSN = {0960-1295},
   MRCLASS = {03B15 (03B70 03D20 68N15 68N18)},
  MRNUMBER = {2158035},
MRREVIEWER = {Anton Setzer},
       DOI = {10.1017/S0960129505004822},
       URL = {http://dx.doi.org/10.1017/S0960129505004822},
}
		
@inproceedings {MR2199865,
    AUTHOR = {Capretta, Venanzio and Uustalu, Tarmo and Vene, Varmo},
     TITLE = {Recursive coalgebras from comonads},
 BOOKTITLE = {Proceedings of the {W}orkshop on {C}oalgebraic {M}ethods in
              {C}omputer {S}cience},
    SERIES = {Electron. Notes Theor. Comput. Sci.},
    VOLUME = {106},
     PAGES = {43--61},
 PUBLISHER = {Elsevier Sci. B. V., Amsterdam},
      YEAR = {2004},
   MRCLASS = {18C15 (03G30)},
  MRNUMBER = {2199865},
       DOI = {10.1016/j.entcs.2004.02.034},
       URL = {http://dx.doi.org/10.1016/j.entcs.2004.02.034},
}
@phdthesis{capretta2002abstraction,
  title={Abstraction and computation: type theory, algebraic structures, and recursive functions},
  author={Capretta, Venanzio},
  year={2002},
  school={Radboud University Nijmegen}
}		
@article {MR1985376,
    AUTHOR = {Barthe, Gilles and Capretta, Venanzio and Pons, Olivier},
     TITLE = {Setoids in type theory},
      NOTE = {Special issue on ``Logical frameworks and metalanguages''},
   JOURNAL = {J. Funct. Programming},
  FJOURNAL = {Journal of Functional Programming},
    VOLUME = {13},
      YEAR = {2003},
    NUMBER = {2},
     PAGES = {261--293},
      ISSN = {0956-7968},
   MRCLASS = {03B35 (03B15)},
  MRNUMBER = {1985376},
MRREVIEWER = {Carsten Butz},
       DOI = {10.1017/S0956796802004501},
       URL = {http://dx.doi.org/10.1017/S0956796802004501},
}
		
@incollection {MR2062290,
    AUTHOR = {Bertot, Yves and Capretta, Venanzio and Das Barman, Kuntal},
     TITLE = {Type-theoretic functional semantics},
 BOOKTITLE = {Theorem proving in higher order logics},
    SERIES = {Lecture Notes in Comput. Sci.},
    VOLUME = {2410},
     PAGES = {83--98},
 PUBLISHER = {Springer, Berlin},
      YEAR = {2002},
   MRCLASS = {68Q55 (03B15 03B70)},
  MRNUMBER = {2062290},
       DOI = {10.1007/3-540-45685-6_7},
       URL = {http://dx.doi.org/10.1007/3-540-45685-6_7},
}
		
@incollection {MR1907602,
    AUTHOR = {Capretta, Venanzio},
     TITLE = {Certifying the fast {F}ourier transform with {C}oq},
 BOOKTITLE = {Theorem proving in higher order logics ({E}dinburgh, 2001)},
    SERIES = {Lecture Notes in Comput. Sci.},
    VOLUME = {2152},
     PAGES = {154--168},
 PUBLISHER = {Springer, Berlin},
      YEAR = {2001},
   MRCLASS = {68T15 (03B35 68Q60)},
  MRNUMBER = {1907602},
       DOI = {10.1007/3-540-44755-5_12},
       URL = {http://dx.doi.org/10.1007/3-540-44755-5_12},
}
		
@incollection {MR1907600,
    AUTHOR = {Bove, Ana and Capretta, Venanzio},
     TITLE = {Nested general recursion and partiality in type theory},
 BOOKTITLE = {Theorem proving in higher order logics ({E}dinburgh, 2001)},
    SERIES = {Lecture Notes in Comput. Sci.},
    VOLUME = {2152},
     PAGES = {121--135},
 PUBLISHER = {Springer, Berlin},
      YEAR = {2001},
   MRCLASS = {03B15 (03B70 03D70 68N18)},
  MRNUMBER = {1907600},
       DOI = {10.1007/3-540-44755-5_10},
       URL = {http://dx.doi.org/10.1007/3-540-44755-5_10},
}
		
@incollection {MR1879744,
    AUTHOR = {Capretta, Venanzio},
     TITLE = {Recursive families of inductive types},
 BOOKTITLE = {Theorem proving in higher order logics ({P}ortland, {OR},
              2000)},
    SERIES = {Lecture Notes in Comput. Sci.},
    VOLUME = {1869},
     PAGES = {73--89},
 PUBLISHER = {Springer, Berlin},
      YEAR = {2000},
   MRCLASS = {03B15 (03B35 68T15)},
  MRNUMBER = {1879744},
       DOI = {10.1007/3-540-44659-1_5},
       URL = {http://dx.doi.org/10.1007/3-540-44659-1_5},
}
		
@incollection {MR1850497,
    AUTHOR = {Capretta, Venanzio},
     TITLE = {Universal algebra in type theory},
 BOOKTITLE = {Theorem proving in higher order logics ({N}ice, 1999)},
    SERIES = {Lecture Notes in Comput. Sci.},
    VOLUME = {1690},
     PAGES = {131--148},
 PUBLISHER = {Springer, Berlin},
      YEAR = {1999},
   MRCLASS = {03B15 (08A70 68T15)},
  MRNUMBER = {1850497},
       DOI = {10.1007/3-540-48256-3_10},
       URL = {http://dx.doi.org/10.1007/3-540-48256-3_10},
}
		
@article {MR1740885,
    AUTHOR = {Capretta, Venanzio and Valentini, Silvio},
     TITLE = {A general method for proving the normalization theorem for
              first and second order typed {$\lambda$}-calculi},
   JOURNAL = {Math. Structures Comput. Sci.},
  FJOURNAL = {Mathematical Structures in Computer Science. A Journal in the
              Applications of Categorical, Algebraic and Geometric Methods
              in Computer Science},
    VOLUME = {9},
      YEAR = {1999},
    NUMBER = {6},
     PAGES = {719--739},
      ISSN = {0960-1295},
   MRCLASS = {03B40 (03F05 68N18)},
  MRNUMBER = {1740885},
       DOI = {10.1017/S0960129599002923},
       URL = {http://dx.doi.org/10.1017/S0960129599002923},
}
		
