@article {MR3899177,
    AUTHOR = {Akeroyd, John R. and Conway, John B. and Yang, Liming},
     TITLE = {On nontangential limits and shift invariant subspaces},
   JOURNAL = {Integral Equations Operator Theory},
  FJOURNAL = {Integral Equations and Operator Theory},
    VOLUME = {91},
      YEAR = {2019},
    NUMBER = {1},
     PAGES = {Art. 2, 18},
      ISSN = {0378-620X},
   MRCLASS = {47A15 (30C85 31A15 46E15 47B38)},
  MRNUMBER = {3899177},
       DOI = {10.1007/s00020-018-2499-6},
       URL = {https://doi-org.colorado.idm.oclc.org/10.1007/s00020-018-2499-6},
}
		
@book {MR3751327,
    AUTHOR = {Conway, John B.},
     TITLE = {A first course in analysis},
    SERIES = {Cambridge Mathematical Textbooks},
 PUBLISHER = {Cambridge University Press, Cambridge},
      YEAR = {2018},
     PAGES = {xv+340},
      ISBN = {978-1-107-17314-9},
   MRCLASS = {26-01 (26Axx 26Bxx)},
  MRNUMBER = {3751327},
MRREVIEWER = {Grigore Ciurea},
}
		
@article {MR3159810,
    AUTHOR = {Conway, John B. and Pr\v{a}jitur\v{a}, Gabriel and Rodr\'{i}guez-Mart\'{i}nez,
              Alejandro},
     TITLE = {Powers and direct sums},
   JOURNAL = {J. Math. Anal. Appl.},
  FJOURNAL = {Journal of Mathematical Analysis and Applications},
    VOLUME = {413},
      YEAR = {2014},
    NUMBER = {2},
     PAGES = {880--889},
      ISSN = {0022-247X},
   MRCLASS = {47A05 (47A10)},
  MRNUMBER = {3159810},
MRREVIEWER = {\`E. V. Kissin},
       DOI = {10.1016/j.jmaa.2013.12.007},
       URL = {https://doi-org.colorado.idm.oclc.org/10.1016/j.jmaa.2013.12.007},
}
		
@book {MR3136144,
    AUTHOR = {Conway, John B.},
     TITLE = {A course in point set topology},
    SERIES = {Undergraduate Texts in Mathematics},
 PUBLISHER = {Springer, Cham},
      YEAR = {2014},
     PAGES = {xii+142},
      ISBN = {978-3-319-02367-0; 978-3-319-02368-7},
   MRCLASS = {54-01},
  MRNUMBER = {3136144},
MRREVIEWER = {Joe D. Mashburn},
       DOI = {10.1007/978-3-319-02368-7},
       URL = {https://doi-org.colorado.idm.oclc.org/10.1007/978-3-319-02368-7},
}
		
@book {MR2976181,
    AUTHOR = {Conway, John B.},
     TITLE = {A course in abstract analysis},
    SERIES = {Graduate Studies in Mathematics},
    VOLUME = {141},
 PUBLISHER = {American Mathematical Society, Providence, RI},
      YEAR = {2012},
     PAGES = {xvi+367},
      ISBN = {978-0-8218-9083-7},
   MRCLASS = {46-01 (26-01 26A42 28-01)},
  MRNUMBER = {2976181},
MRREVIEWER = {Richard Becker},
       DOI = {10.1090/gsm/141},
       URL = {https://doi-org.colorado.idm.oclc.org/10.1090/gsm/141},
}
		
@incollection {MR2743419,
    AUTHOR = {Conway, John B. and Feldman, Nathan S.},
     TITLE = {The state of subnormal operators},
 BOOKTITLE = {A glimpse at {H}ilbert space operators},
    SERIES = {Oper. Theory Adv. Appl.},
    VOLUME = {207},
     PAGES = {177--194},
 PUBLISHER = {Birkh\"{a}user Verlag, Basel},
      YEAR = {2010},
   MRCLASS = {47B20 (47A15)},
  MRNUMBER = {2743419},
MRREVIEWER = {Woo Young Lee},
       DOI = {10.1007/978-3-0346-0347-8_11},
       URL = {https://doi-org.colorado.idm.oclc.org/10.1007/978-3-0346-0347-8_11},
}
		
@book {MR2676502,
    AUTHOR = {Conway, John B.},
     TITLE = {Mathematical connections},
      NOTE = {A capstone course},
 PUBLISHER = {American Mathematical Society, Providence, RI},
      YEAR = {2010},
     PAGES = {xviii+243},
      ISBN = {978-0-8218-4979-8},
   MRCLASS = {15-01 (51-01)},
  MRNUMBER = {2676502},
       DOI = {10.1090/mbk/075},
       URL = {https://doi-org.colorado.idm.oclc.org/10.1090/mbk/075},
}
		
@article {MR2120091,
    AUTHOR = {Conway, John B. and Gleason, Jim},
     TITLE = {Absolute equivalence and {D}irac operators of commuting tuples
              of operators},
   JOURNAL = {Integral Equations Operator Theory},
  FJOURNAL = {Integral Equations and Operator Theory},
    VOLUME = {51},
      YEAR = {2005},
    NUMBER = {1},
     PAGES = {57--71},
      ISSN = {0378-620X},
   MRCLASS = {47A13 (34L40 47A05)},
  MRNUMBER = {2120091},
MRREVIEWER = {Vladimir M\"{u}ller},
       DOI = {10.1007/s00020-003-1255-7},
       URL = {https://doi-org.colorado.idm.oclc.org/10.1007/s00020-003-1255-7},
}
		
@article {MR2108316,
    AUTHOR = {Conway, John B. and Pr\v{a}jitur\v{a}, Gabriel},
     TITLE = {On {$\lambda$}-commuting operators},
   JOURNAL = {Studia Math.},
  FJOURNAL = {Studia Mathematica},
    VOLUME = {166},
      YEAR = {2005},
    NUMBER = {1},
     PAGES = {1--9},
      ISSN = {0039-3223},
   MRCLASS = {47B07 (47A53 47B15)},
  MRNUMBER = {2108316},
MRREVIEWER = {Thomas Len Miller},
       DOI = {10.4064/sm166-1-1},
       URL = {https://doi-org.colorado.idm.oclc.org/10.4064/sm166-1-1},
}
		
@article {MR1974034,
    AUTHOR = {Conway, John B. and Jin, Kyung Hee and Kouchekian, Sherwin},
     TITLE = {On unbounded {B}ergman operators},
   JOURNAL = {J. Math. Anal. Appl.},
  FJOURNAL = {Journal of Mathematical Analysis and Applications},
    VOLUME = {279},
      YEAR = {2003},
    NUMBER = {2},
     PAGES = {418--429},
      ISSN = {0022-247X},
   MRCLASS = {47B20 (47B38)},
  MRNUMBER = {1974034},
MRREVIEWER = {Woo Young Lee},
       DOI = {10.1016/S0022-247X(03)00002-7},
       URL = {https://doi-org.colorado.idm.oclc.org/10.1016/S0022-247X(03)00002-7},
}
		
@article {MR1905189,
    AUTHOR = {Conway, John B. and Ptak, Marek},
     TITLE = {The harmonic functional calculus and hyperreflexivity},
   JOURNAL = {Pacific J. Math.},
  FJOURNAL = {Pacific Journal of Mathematics},
    VOLUME = {204},
      YEAR = {2002},
    NUMBER = {1},
     PAGES = {19--29},
      ISSN = {0030-8730},
   MRCLASS = {47A60 (47A15 47A45 47L05)},
  MRNUMBER = {1905189},
MRREVIEWER = {Isabelle Chalendar},
       DOI = {10.2140/pjm.2002.204.19},
       URL = {https://doi-org.colorado.idm.oclc.org/10.2140/pjm.2002.204.19},
}
		
@incollection {MR1902800,
    AUTHOR = {Conway, John B. and Pr\v{a}jitur\v{a}, Gabriel},
     TITLE = {Singly generated algebras containing a compact operator},
 BOOKTITLE = {Recent advances in operator theory and related topics
              ({S}zeged, 1999)},
    SERIES = {Oper. Theory Adv. Appl.},
    VOLUME = {127},
     PAGES = {163--170},
 PUBLISHER = {Birkh\"{a}user, Basel},
      YEAR = {2001},
   MRCLASS = {47A58 (47A65 47B07 47C05)},
  MRNUMBER = {1902800},
MRREVIEWER = {Robert L. Moore},
}
		
@book {MR1721402,
    AUTHOR = {Conway, John B.},
     TITLE = {A course in operator theory},
    SERIES = {Graduate Studies in Mathematics},
    VOLUME = {21},
 PUBLISHER = {American Mathematical Society, Providence, RI},
      YEAR = {2000},
     PAGES = {xvi+372},
      ISBN = {0-8218-2065-6},
   MRCLASS = {47-01 (46-01)},
  MRNUMBER = {1721402},
MRREVIEWER = {Victor S. Shul\cprime man},
}
		
@incollection {MR1630651,
    AUTHOR = {Conway, John B. and Yang, Liming},
     TITLE = {Some open problems in the theory of subnormal operators},
 BOOKTITLE = {Holomorphic spaces ({B}erkeley, {CA}, 1995)},
    SERIES = {Math. Sci. Res. Inst. Publ.},
    VOLUME = {33},
     PAGES = {201--209},
 PUBLISHER = {Cambridge Univ. Press, Cambridge},
      YEAR = {1998},
   MRCLASS = {47B20 (47-02)},
  MRNUMBER = {1630651},
}
		
@article {MR1438329,
    AUTHOR = {Conway, John B. and Hadwin, Don},
     TITLE = {Stable invariant subspaces for operators on {H}ilbert space},
      NOTE = {Volume dedicated to the memory of W\l odzimierz Mlak},
   JOURNAL = {Ann. Polon. Math.},
  FJOURNAL = {Annales Polonici Mathematici},
    VOLUME = {66},
      YEAR = {1997},
     PAGES = {49--61},
      ISSN = {0066-2216},
   MRCLASS = {47A15 (47B15 47B37)},
  MRNUMBER = {1438329},
MRREVIEWER = {Victor S. Shul\cprime man},
       DOI = {10.4064/ap-66-1-49-61},
       URL = {https://doi-org.colorado.idm.oclc.org/10.4064/ap-66-1-49-61},
}
		
@article {MR1363417,
    AUTHOR = {Conway, John B. and Feldman, Nathan S.},
     TITLE = {The essential selfcommutator of a subnormal operator},
   JOURNAL = {Proc. Amer. Math. Soc.},
  FJOURNAL = {Proceedings of the American Mathematical Society},
    VOLUME = {125},
      YEAR = {1997},
    NUMBER = {1},
     PAGES = {243--244},
      ISSN = {0002-9939},
   MRCLASS = {47B20 (47C99)},
  MRNUMBER = {1363417},
MRREVIEWER = {Mihai Putinar},
       DOI = {10.1090/S0002-9939-97-03698-8},
       URL = {https://doi-org.colorado.idm.oclc.org/10.1090/S0002-9939-97-03698-8},
}
		
@article {MR1369042,
    AUTHOR = {Conway, John B. and Dudziak, James J. and Melnikov, Mark},
     TITLE = {Pointwise bounded limits of rational functions on the string
              of beads},
   JOURNAL = {Proc. Roy. Irish Acad. Sect. A},
  FJOURNAL = {Proceedings of the Royal Irish Academy. Section A.
              Mathematical and Physical Sciences},
    VOLUME = {95},
      YEAR = {1995},
    NUMBER = {1},
     PAGES = {29--38},
      ISSN = {0035-8975},
   MRCLASS = {46J15 (30H05)},
  MRNUMBER = {1369042},
MRREVIEWER = {Daniel H. Luecking},
}
		
@book {MR1344449,
    AUTHOR = {Conway, John B.},
     TITLE = {Functions of one complex variable. {II}},
    SERIES = {Graduate Texts in Mathematics},
    VOLUME = {159},
 PUBLISHER = {Springer-Verlag, New York},
      YEAR = {1995},
     PAGES = {xvi+394},
      ISBN = {0-387-94460-5},
   MRCLASS = {30-01},
  MRNUMBER = {1344449},
MRREVIEWER = {P. Lappan},
       DOI = {10.1007/978-1-4612-0817-4},
       URL = {https://doi-org.colorado.idm.oclc.org/10.1007/978-1-4612-0817-4},
}
		
@article {MR1240260,
    AUTHOR = {Conway, John B. and Elias, Norma},
     TITLE = {Analytic bounded point evaluations for spaces of rational
              functions},
   JOURNAL = {J. Funct. Anal.},
  FJOURNAL = {Journal of Functional Analysis},
    VOLUME = {117},
      YEAR = {1993},
    NUMBER = {1},
     PAGES = {1--24},
      ISSN = {0022-1236},
   MRCLASS = {46E15 (30E10 30H05 47B38)},
  MRNUMBER = {1240260},
       DOI = {10.1006/jfan.1993.1121},
       URL = {https://doi-org.colorado.idm.oclc.org/10.1006/jfan.1993.1121},
}
		
@incollection {MR1113270,
    AUTHOR = {Conway, John B.},
     TITLE = {Paul {H}almos and the progress of operator theory},
 BOOKTITLE = {Paul {H}almos},
     PAGES = {155--167},
 PUBLISHER = {Springer, New York},
      YEAR = {1991},
   MRCLASS = {47-03 (01A65)},
  MRNUMBER = {1113270},
}
		
@book {MR1112128,
    AUTHOR = {Conway, John B.},
     TITLE = {The theory of subnormal operators},
    SERIES = {Mathematical Surveys and Monographs},
    VOLUME = {36},
 PUBLISHER = {American Mathematical Society, Providence, RI},
      YEAR = {1991},
     PAGES = {xvi+436},
      ISBN = {0-8218-1536-9},
   MRCLASS = {47B20 (46J15 47-02)},
  MRNUMBER = {1112128},
MRREVIEWER = {William W. Hastings},
       DOI = {10.1090/surv/036},
       URL = {https://doi-org.colorado.idm.oclc.org/10.1090/surv/036},
}
		
@article {MR1005077,
    AUTHOR = {Conway, John B.},
     TITLE = {Towards a functional calculus for subnormal tuples: the
              minimal normal extension},
   JOURNAL = {Trans. Amer. Math. Soc.},
  FJOURNAL = {Transactions of the American Mathematical Society},
    VOLUME = {326},
      YEAR = {1991},
    NUMBER = {2},
     PAGES = {543--567},
      ISSN = {0002-9947},
   MRCLASS = {47B20 (32E30 47A20 47A60)},
  MRNUMBER = {1005077},
MRREVIEWER = {Ra\'{u}l E. Curto},
       DOI = {10.2307/2001773},
       URL = {https://doi-org.colorado.idm.oclc.org/10.2307/2001773},
}
		
@incollection {MR1077381,
    AUTHOR = {Conway, John B.},
     TITLE = {Towards a functional calculus for subnormal tuples: the
              minimal normal extension and approximation in several complex
              variables},
 BOOKTITLE = {Operator theory: operator algebras and applications, {P}art 1
              ({D}urham, {NH}, 1988)},
    SERIES = {Proc. Sympos. Pure Math.},
    VOLUME = {51},
     PAGES = {105--112},
 PUBLISHER = {Amer. Math. Soc., Providence, RI},
      YEAR = {1990},
   MRCLASS = {47B20 (47A13 47A60)},
  MRNUMBER = {1077381},
}
		
@book {MR1070713,
    AUTHOR = {Conway, John B.},
     TITLE = {A course in functional analysis},
    SERIES = {Graduate Texts in Mathematics},
    VOLUME = {96},
   EDITION = {Second},
 PUBLISHER = {Springer-Verlag, New York},
      YEAR = {1990},
     PAGES = {xvi+399},
      ISBN = {0-387-97245-5},
   MRCLASS = {46-01 (47-01)},
  MRNUMBER = {1070713},
}
		
@article {MR1058983,
    AUTHOR = {Conway, John B. and Dudziak, James J.},
     TITLE = {von {N}eumann operators are reflexive},
   JOURNAL = {J. Reine Angew. Math.},
  FJOURNAL = {Journal f\"{u}r die Reine und Angewandte Mathematik. [Crelle's
              Journal]},
    VOLUME = {408},
      YEAR = {1990},
     PAGES = {34--56},
      ISSN = {0075-4102},
   MRCLASS = {47A15 (47A25 47A60 47B99 47C99)},
  MRNUMBER = {1058983},
MRREVIEWER = {Florian Horia Vasilescu},
}
		
@article {MR1026073,
    AUTHOR = {Conway, John B. and Gillespie, T. A.},
     TITLE = {Is an isometry determined by its invariant subspace lattice?},
   JOURNAL = {J. Operator Theory},
  FJOURNAL = {Journal of Operator Theory},
    VOLUME = {22},
      YEAR = {1989},
    NUMBER = {1},
     PAGES = {31--49},
      ISSN = {0379-4024},
   MRCLASS = {47A15 (47A45 47B37)},
  MRNUMBER = {1026073},
MRREVIEWER = {Malcolm J. Sherman},
}
		
@incollection {MR1009188,
    AUTHOR = {Conway, John B.},
     TITLE = {The minimal normal extension of a function of a subnormal
              operator},
 BOOKTITLE = {Analysis at {U}rbana, {V}ol. {II} ({U}rbana, {IL},
              1986--1987)},
    SERIES = {London Math. Soc. Lecture Note Ser.},
    VOLUME = {138},
     PAGES = {128--140},
 PUBLISHER = {Cambridge Univ. Press, Cambridge},
      YEAR = {1989},
   MRCLASS = {47B20 (47A60)},
  MRNUMBER = {1009188},
MRREVIEWER = {Mihai Putinar},
}
		
@article {MR974999,
    AUTHOR = {Conway, John B. and Herrero, Domingo A. and Morrel, Bernard
              B.},
     TITLE = {Completing the {R}iesz-{D}unford functional calculus},
   JOURNAL = {Mem. Amer. Math. Soc.},
  FJOURNAL = {Memoirs of the American Mathematical Society},
    VOLUME = {82},
      YEAR = {1989},
    NUMBER = {417},
     PAGES = {iv+104},
      ISSN = {0065-9266},
   MRCLASS = {47A60 (47A55)},
  MRNUMBER = {974999},
MRREVIEWER = {Lawrence Fialkow},
       DOI = {10.1090/memo/0417},
       URL = {https://doi-org.colorado.idm.oclc.org/10.1090/memo/0417},
}
		
@article {MR972659,
    AUTHOR = {Conway, John B. and Szyma\'{n}ski, Wac\l aw},
     TITLE = {Linear combinations of hyponormal operators},
   JOURNAL = {Rocky Mountain J. Math.},
  FJOURNAL = {The Rocky Mountain Journal of Mathematics},
    VOLUME = {18},
      YEAR = {1988},
    NUMBER = {3},
     PAGES = {695--705},
      ISSN = {0035-7596},
   MRCLASS = {47B20},
  MRNUMBER = {972659},
MRREVIEWER = {Takayuki Furuta},
       DOI = {10.1216/RMJ-1988-18-3-695},
       URL = {https://doi-org.colorado.idm.oclc.org/10.1216/RMJ-1988-18-3-695},
}
		
@incollection {MR951955,
    AUTHOR = {Bercovici, H. and Conway, J. B.},
     TITLE = {A note on the algebra generated by a subnormal operator},
 BOOKTITLE = {Topics in operator theory},
    SERIES = {Oper. Theory Adv. Appl.},
    VOLUME = {32},
     PAGES = {53--56},
 PUBLISHER = {Birkh\"{a}user, Basel},
      YEAR = {1988},
   MRCLASS = {47B20 (47B38 47C99 47D25)},
  MRNUMBER = {951955},
MRREVIEWER = {Bernard B. Morrel},
       DOI = {10.1007/978-3-0348-5475-7_5},
       URL = {https://doi-org.colorado.idm.oclc.org/10.1007/978-3-0348-5475-7_5},
}
		
@incollection {MR934938,
    AUTHOR = {Conway, John B.},
     TITLE = {Biographical sketch of {E}dward {D}. {C}onway},
 BOOKTITLE = {Mathematics applied to science ({N}ew {O}rleans, {L}a., 1986)},
     PAGES = {xiii--xiv},
 PUBLISHER = {Academic Press, Boston, MA},
      YEAR = {1988},
   MRCLASS = {01A70},
  MRNUMBER = {934938},
}
		
@article {MR904484,
    AUTHOR = {Conway, John B.},
     TITLE = {Spectral properties of certain operators on {H}ardy spaces of
              planar regions},
      NOTE = {Toeplitz lectures 1987 (Tel-Aviv, 1987)},
   JOURNAL = {Integral Equations Operator Theory},
  FJOURNAL = {Integral Equations and Operator Theory},
    VOLUME = {10},
      YEAR = {1987},
    NUMBER = {5},
     PAGES = {659--706},
      ISSN = {0378-620X},
   MRCLASS = {47B38 (47A53)},
  MRNUMBER = {904484},
MRREVIEWER = {Sheldon Axler},
       DOI = {10.1007/BF01195796},
       URL = {https://doi-org.colorado.idm.oclc.org/10.1007/BF01195796},
}
		
@article {MR894876,
    AUTHOR = {Conway, John B. and Dudziak, James J. and Straube, Emil},
     TITLE = {Isometrically removable sets for functions in the {H}ardy
              space are polar},
   JOURNAL = {Michigan Math. J.},
  FJOURNAL = {Michigan Mathematical Journal},
    VOLUME = {34},
      YEAR = {1987},
    NUMBER = {2},
     PAGES = {267--273},
      ISSN = {0026-2285},
   MRCLASS = {32A35 (31B15)},
  MRNUMBER = {894876},
MRREVIEWER = {Carlos A. Berenstein},
       DOI = {10.1307/mmj/1029003557},
       URL = {https://doi-org.colorado.idm.oclc.org/10.1307/mmj/1029003557},
}
		
@article {MR870760,
    AUTHOR = {Conway, John B. and Morrel, Bernard B.},
     TITLE = {Roots and logarithms of bounded operators on {H}ilbert space},
   JOURNAL = {J. Funct. Anal.},
  FJOURNAL = {Journal of Functional Analysis},
    VOLUME = {70},
      YEAR = {1987},
    NUMBER = {1},
     PAGES = {171--193},
      ISSN = {0022-1236},
   MRCLASS = {47A60 (47A62 47A65)},
  MRNUMBER = {870760},
MRREVIEWER = {Warren R. Wogen},
       DOI = {10.1016/0022-1236(87)90129-7},
       URL = {https://doi-org.colorado.idm.oclc.org/10.1016/0022-1236(87)90129-7},
}
		
@article {MR845537,
    AUTHOR = {Conway, John B.},
     TITLE = {Arranging the disposition of the spectrum},
   JOURNAL = {Proc. Roy. Irish Acad. Sect. A},
  FJOURNAL = {Proceedings of the Royal Irish Academy. Section A.
              Mathematical and Physical Sciences},
    VOLUME = {85},
      YEAR = {1985},
    NUMBER = {2},
     PAGES = {139--142},
      ISSN = {0035-8975},
   MRCLASS = {47A10 (47B37 47B38)},
  MRNUMBER = {845537},
MRREVIEWER = {Gerhard Garske},
}
		
@article {MR812390,
    AUTHOR = {Conway, John B. and Gillespie, T. A.},
     TITLE = {Is a selfadjoint operator determined by its invariant subspace
              lattice?},
   JOURNAL = {J. Funct. Anal.},
  FJOURNAL = {Journal of Functional Analysis},
    VOLUME = {64},
      YEAR = {1985},
    NUMBER = {2},
     PAGES = {178--189},
      ISSN = {0022-1236},
   MRCLASS = {47A65 (47A15 47B15)},
  MRNUMBER = {812390},
MRREVIEWER = {Lawrence Fialkow},
       DOI = {10.1016/0022-1236(85)90073-4},
       URL = {https://doi-org.colorado.idm.oclc.org/10.1016/0022-1236(85)90073-4},
}
		
@incollection {MR810442,
    AUTHOR = {Conway, John B.},
     TITLE = {A survey of some results on subnormal operators},
 BOOKTITLE = {Operators and function theory ({L}ancaster, 1984)},
    SERIES = {NATO Adv. Sci. Inst. Ser. C Math. Phys. Sci.},
    VOLUME = {153},
     PAGES = {19--37},
 PUBLISHER = {Reidel, Dordrecht},
      YEAR = {1985},
   MRCLASS = {47B20},
  MRNUMBER = {810442},
MRREVIEWER = {C. R. Putnam},
}
		
@article {MR775999,
    AUTHOR = {Conway, J. B. and Putnam, C. R.},
     TITLE = {An irreducible subnormal operator with infinite
              multiplicities},
   JOURNAL = {J. Operator Theory},
  FJOURNAL = {Journal of Operator Theory},
    VOLUME = {13},
      YEAR = {1985},
    NUMBER = {2},
     PAGES = {291--297},
      ISSN = {0379-4024},
   MRCLASS = {47B20},
  MRNUMBER = {775999},
MRREVIEWER = {S. J. Bernau},
}
		
@book {MR768926,
    AUTHOR = {Conway, John B.},
     TITLE = {A course in functional analysis},
    SERIES = {Graduate Texts in Mathematics},
    VOLUME = {96},
 PUBLISHER = {Springer-Verlag, New York},
      YEAR = {1985},
     PAGES = {xiv+404},
      ISBN = {0-387-96042-2},
   MRCLASS = {46-01 (47-01)},
  MRNUMBER = {768926},
MRREVIEWER = {Greg Robel},
       DOI = {10.1007/978-1-4757-3828-5},
       URL = {https://doi-org.colorado.idm.oclc.org/10.1007/978-1-4757-3828-5},
}
		
@article {MR765485,
    AUTHOR = {Conway, J. B. and Duncan, J. and Paterson, A. L. T.},
     TITLE = {Monogenic inverse semigroups and their {$C^\ast$}-algebras},
   JOURNAL = {Proc. Roy. Soc. Edinburgh Sect. A},
  FJOURNAL = {Proceedings of the Royal Society of Edinburgh. Section A.
              Mathematics},
    VOLUME = {98},
      YEAR = {1984},
    NUMBER = {1-2},
     PAGES = {13--24},
      ISSN = {0308-2105},
   MRCLASS = {46L05 (20M10)},
  MRNUMBER = {765485},
MRREVIEWER = {J. W. Bunce},
       DOI = {10.1017/S030821050002552X},
       URL = {https://doi-org.colorado.idm.oclc.org/10.1017/S030821050002552X},
}
		
@article {MR742417,
    AUTHOR = {Conway, John B. and McGuire, Paul},
     TITLE = {Operators with {$C^{\ast} $}-algebra generated by a
              unilateral shift},
   JOURNAL = {Trans. Amer. Math. Soc.},
  FJOURNAL = {Transactions of the American Mathematical Society},
    VOLUME = {284},
      YEAR = {1984},
    NUMBER = {1},
     PAGES = {153--161},
      ISSN = {0002-9947},
   MRCLASS = {47B20 (47C15)},
  MRNUMBER = {742417},
       DOI = {10.2307/1999279},
       URL = {https://doi-org.colorado.idm.oclc.org/10.2307/1999279},
}
		
@article {MR701023,
    AUTHOR = {Conway, John B. and Morrel, Bernard B.},
     TITLE = {Operators that are points of spectral continuity. {III}},
   JOURNAL = {Integral Equations Operator Theory},
  FJOURNAL = {Integral Equations and Operator Theory},
    VOLUME = {6},
      YEAR = {1983},
    NUMBER = {3},
     PAGES = {319--344},
      ISSN = {0378-620X},
   MRCLASS = {47A10},
  MRNUMBER = {701023},
MRREVIEWER = {D. A. Herrero},
       DOI = {10.1007/BF01691901},
       URL = {https://doi-org.colorado.idm.oclc.org/10.1007/BF01691901},
}
		
@article {MR685489,
    AUTHOR = {Conway, John B. and Hadwin, Donald W.},
     TITLE = {Strong limits of normal operators},
   JOURNAL = {Glasgow Math. J.},
  FJOURNAL = {Glasgow Mathematical Journal},
    VOLUME = {24},
      YEAR = {1983},
    NUMBER = {1},
     PAGES = {93--96},
      ISSN = {0017-0895},
   MRCLASS = {47B20},
  MRNUMBER = {685489},
MRREVIEWER = {C. R. Putnam},
       DOI = {10.1017/S0017089500005115},
       URL = {https://doi-org.colorado.idm.oclc.org/10.1017/S0017089500005115},
}
		
@article {MR685345,
    AUTHOR = {Clancey, Kevin and Conway, John B. and Raphael, Mark},
     TITLE = {On a conjecture of {C}arey and {P}incus},
   JOURNAL = {Integral Equations Operator Theory},
  FJOURNAL = {Integral Equations and Operator Theory},
    VOLUME = {6},
      YEAR = {1983},
    NUMBER = {1},
     PAGES = {158--159},
      ISSN = {0378-620X},
   MRCLASS = {47B20},
  MRNUMBER = {685345},
MRREVIEWER = {William W. Hastings},
       DOI = {10.1007/BF01691893},
       URL = {https://doi-org.colorado.idm.oclc.org/10.1007/BF01691893},
}
		
@article {MR658979,
    AUTHOR = {Axler, Sheldon and Conway, John B. and McDonald, Gerard},
     TITLE = {Toeplitz operators on {B}ergman spaces},
   JOURNAL = {Canad. J. Math.},
  FJOURNAL = {Canadian Journal of Mathematics. Journal Canadien de
              Math\'{e}matiques},
    VOLUME = {34},
      YEAR = {1982},
    NUMBER = {2},
     PAGES = {466--483},
      ISSN = {0008-414X},
   MRCLASS = {47B35 (30B40)},
  MRNUMBER = {658979},
MRREVIEWER = {Nicholas P. Jewell},
       DOI = {10.4153/CJM-1982-031-1},
       URL = {https://doi-org.colorado.idm.oclc.org/10.4153/CJM-1982-031-1},
}
		
@article {MR657648,
    AUTHOR = {Conway, John B.},
     TITLE = {On quasisimilarity for subnormal operators. {II}},
   JOURNAL = {Canad. Math. Bull.},
  FJOURNAL = {Canadian Mathematical Bulletin},
    VOLUME = {25},
      YEAR = {1982},
    NUMBER = {1},
     PAGES = {37--40},
      ISSN = {0008-4395},
   MRCLASS = {47B20},
  MRNUMBER = {657648},
MRREVIEWER = {William W. Hastings},
       DOI = {10.4153/CMB-1982-004-2},
       URL = {https://doi-org.colorado.idm.oclc.org/10.4153/CMB-1982-004-2},
}
		
@article {MR645335,
    AUTHOR = {Conway, John B. and Wu, Pei Yuan},
     TITLE = {The structure of quasinormal operators and the double
              commutant property},
   JOURNAL = {Trans. Amer. Math. Soc.},
  FJOURNAL = {Transactions of the American Mathematical Society},
    VOLUME = {270},
      YEAR = {1982},
    NUMBER = {2},
     PAGES = {641--657},
      ISSN = {0002-9947},
   MRCLASS = {47B20 (47A65)},
  MRNUMBER = {645335},
MRREVIEWER = {Lawrence Williams},
       DOI = {10.2307/1999866},
       URL = {https://doi-org.colorado.idm.oclc.org/10.2307/1999866},
}
		
@article {MR635579,
    AUTHOR = {Conway, J. B. and Morrel, B. B.},
     TITLE = {Behaviour of the spectrum under small perturbations},
   JOURNAL = {Proc. Roy. Irish Acad. Sect. A},
  FJOURNAL = {Proceedings of the Royal Irish Academy. Section A},
    VOLUME = {81},
      YEAR = {1981},
    NUMBER = {1},
     PAGES = {55--63},
      ISSN = {0035-8975},
   MRCLASS = {47A10 (46H05 47A55)},
  MRNUMBER = {635579},
MRREVIEWER = {J. J. Buoni},
}
		
@book {MR634507,
    AUTHOR = {Conway, John B.},
     TITLE = {Subnormal operators},
    SERIES = {Research Notes in Mathematics},
    VOLUME = {51},
 PUBLISHER = {Pitman (Advanced Publishing Program), Boston, Mass.-London},
      YEAR = {1981},
     PAGES = {xvii+476},
      ISBN = {0-273-08520-4},
   MRCLASS = {47B20 (47-02)},
  MRNUMBER = {634507},
MRREVIEWER = {D. Sarason},
}
		
@article {MR634170,
    AUTHOR = {Conway, John B. and Morrel, Bernard B.},
     TITLE = {Operators that are points of spectral continuity. {II}},
   JOURNAL = {Integral Equations Operator Theory},
  FJOURNAL = {Integral Equations and Operator Theory},
    VOLUME = {4},
      YEAR = {1981},
    NUMBER = {4},
     PAGES = {459--503},
      ISSN = {0378-620X},
   MRCLASS = {47A10 (47A55)},
  MRNUMBER = {634170},
MRREVIEWER = {Dan Timotin},
       DOI = {10.1007/BF01686497},
       URL = {https://doi-org.colorado.idm.oclc.org/10.1007/BF01686497},
}
		
@article {MR617974,
    AUTHOR = {Conway, John B.},
     TITLE = {The dual of a subnormal operator},
   JOURNAL = {J. Operator Theory},
  FJOURNAL = {Journal of Operator Theory},
    VOLUME = {5},
      YEAR = {1981},
    NUMBER = {2},
     PAGES = {195--211},
      ISSN = {0379-4024},
   MRCLASS = {47B20},
  MRNUMBER = {617974},
}
		
@article {MR599849,
    AUTHOR = {Conway, John B.},
     TITLE = {Finite-dimensional points of continuity of {G}en and {C}om},
   JOURNAL = {Linear Algebra Appl.},
  FJOURNAL = {Linear Algebra and its Applications},
    VOLUME = {35},
      YEAR = {1981},
     PAGES = {121--127},
      ISSN = {0024-3795},
   MRCLASS = {15A60 (15A30)},
  MRNUMBER = {599849},
MRREVIEWER = {Thomas Laffey},
       DOI = {10.1016/0024-3795(81)90269-X},
       URL = {https://doi-org.colorado.idm.oclc.org/10.1016/0024-3795(81)90269-X},
}
		
@article {MR599120,
    AUTHOR = {Conway, John B. and Szyma\'{n}ski, Wac\l aw},
     TITLE = {Singly generated antisymmetric operator algebras},
   JOURNAL = {Pacific J. Math.},
  FJOURNAL = {Pacific Journal of Mathematics},
    VOLUME = {89},
      YEAR = {1980},
    NUMBER = {2},
     PAGES = {269--277},
      ISSN = {0030-8730},
   MRCLASS = {47D25},
  MRNUMBER = {599120},
MRREVIEWER = {Lawrence Williams},
       URL = {http://projecteuclid.org.colorado.idm.oclc.org/euclid.pjm/1102779240},
}
		
@article {MR586807,
    AUTHOR = {Conway, John B.},
     TITLE = {On quasisimilarity for subnormal operators},
   JOURNAL = {Illinois J. Math.},
  FJOURNAL = {Illinois Journal of Mathematics},
    VOLUME = {24},
      YEAR = {1980},
    NUMBER = {4},
     PAGES = {689--702},
      ISSN = {0019-2089},
   MRCLASS = {47B20},
  MRNUMBER = {586807},
MRREVIEWER = {William W. Hastings},
}
		
@article {MR570382,
    AUTHOR = {Conway, J. B. and Halmos, P. R.},
     TITLE = {Finite-dimensional points of continuity of {L}at},
   JOURNAL = {Linear Algebra Appl.},
  FJOURNAL = {Linear Algebra and its Applications},
    VOLUME = {31},
      YEAR = {1980},
     PAGES = {93--102},
      ISSN = {0024-3795},
   MRCLASS = {47A15 (15A04)},
  MRNUMBER = {570382},
MRREVIEWER = {Bernard B. Morrel},
       DOI = {10.1016/0024-3795(80)90210-4},
       URL = {https://doi-org.colorado.idm.oclc.org/10.1016/0024-3795(80)90210-4},
}
		
@article {MR543882,
    AUTHOR = {Conway, John B. and Morrel, Bernard B.},
     TITLE = {Operators that are points of spectral continuity},
   JOURNAL = {Integral Equations Operator Theory},
  FJOURNAL = {Integral Equations and Operator Theory},
    VOLUME = {2},
      YEAR = {1979},
    NUMBER = {2},
     PAGES = {174--198},
      ISSN = {0378-620X},
   MRCLASS = {47A10},
  MRNUMBER = {543882},
MRREVIEWER = {R. G. Douglas},
       DOI = {10.1007/BF01682733},
       URL = {https://doi-org.colorado.idm.oclc.org/10.1007/BF01682733},
}
		
@book {MR503901,
    AUTHOR = {Conway, John B.},
     TITLE = {Functions of one complex variable},
    SERIES = {Graduate Texts in Mathematics},
    VOLUME = {11},
   EDITION = {Second},
 PUBLISHER = {Springer-Verlag, New York-Berlin},
      YEAR = {1978},
     PAGES = {xiii+317},
      ISBN = {0-387-90328-3},
   MRCLASS = {30-01},
  MRNUMBER = {503901},
MRREVIEWER = {P. Lappan},
}
		
@article {MR0493453,
    AUTHOR = {Conway, John B. and Morrel, Bernard B. and Stampfli, Joseph
              G.},
     TITLE = {The operator equation {$TS=1$} and representations of
              {$l^{1}$} of the bicyclic semigroup},
   JOURNAL = {Proc. Roy. Soc. Edinburgh Sect. A},
  FJOURNAL = {Proceedings of the Royal Society of Edinburgh. Section A.
              Mathematics},
    VOLUME = {79},
      YEAR = {1977/78},
    NUMBER = {1-2},
     PAGES = {131--136},
      ISSN = {0308-2105},
   MRCLASS = {47A60 (46H15)},
  MRNUMBER = {0493453},
MRREVIEWER = {E. Durszt},
       DOI = {10.1017/S0308210500016863},
       URL = {https://doi-org.colorado.idm.oclc.org/10.1017/S0308210500016863},
}
		
@article {MR0440417,
    AUTHOR = {Conway, John B.},
     TITLE = {The direct sum of normal operators},
   JOURNAL = {Indiana Univ. Math. J.},
  FJOURNAL = {Indiana University Mathematics Journal},
    VOLUME = {26},
      YEAR = {1977},
    NUMBER = {2},
     PAGES = {277--289},
      ISSN = {0022-2518},
   MRCLASS = {47C99 (47B15)},
  MRNUMBER = {0440417},
MRREVIEWER = {Lawrence Fialkow},
       DOI = {10.1512/iumj.1977.26.26020},
       URL = {https://doi-org.colorado.idm.oclc.org/10.1512/iumj.1977.26.26020},
}
		
@article {MR0435913,
    AUTHOR = {Conway, John B. and Olin, Robert F.},
     TITLE = {A functional calculus for subnormal operators. {II}},
   JOURNAL = {Mem. Amer. Math. Soc.},
  FJOURNAL = {Memoirs of the American Mathematical Society},
    VOLUME = {10},
      YEAR = {1977},
    NUMBER = {184},
     PAGES = {vii+61},
      ISSN = {0065-9266},
   MRCLASS = {47B20 (47A60)},
  MRNUMBER = {0435913},
MRREVIEWER = {D. Sarason},
       DOI = {10.1090/memo/0184},
       URL = {https://doi-org.colorado.idm.oclc.org/10.1090/memo/0184},
}
		
@article {MR0430795,
    AUTHOR = {Conway, John B.},
     TITLE = {On the {C}alkin algebra and the covering homotopy property.
              {II}},
   JOURNAL = {Canad. J. Math.},
  FJOURNAL = {Canadian Journal of Mathematics. Journal Canadien de
              Math\'{e}matiques},
    VOLUME = {29},
      YEAR = {1977},
    NUMBER = {1},
     PAGES = {210--215},
      ISSN = {0008-414X},
   MRCLASS = {46L05 (55F05)},
  MRNUMBER = {0430795},
MRREVIEWER = {Jerome Kaminker},
       DOI = {10.4153/CJM-1977-020-0},
       URL = {https://doi-org.colorado.idm.oclc.org/10.4153/CJM-1977-020-0},
}
		
@article {MR0425673,
    AUTHOR = {Conway, John B. and Wu, Pei Yuan},
     TITLE = {The splitting of {$A(T_{1}\oplus T_{2})$} and related
              questions},
   JOURNAL = {Indiana Univ. Math. J.},
  FJOURNAL = {Indiana University Mathematics Journal},
    VOLUME = {26},
      YEAR = {1977},
    NUMBER = {1},
     PAGES = {41--56},
      ISSN = {0022-2518},
   MRCLASS = {47C05 (47A65)},
  MRNUMBER = {0425673},
MRREVIEWER = {P. Rosenthal},
       DOI = {10.1512/iumj.1977.26.26002},
       URL = {https://doi-org.colorado.idm.oclc.org/10.1512/iumj.1977.26.26002},
}
		
@article {MR0399918,
    AUTHOR = {Conway, John B. and Olin, Robert F.},
     TITLE = {A functional calculus for subnormal operators},
   JOURNAL = {Bull. Amer. Math. Soc.},
  FJOURNAL = {Bulletin of the American Mathematical Society},
    VOLUME = {82},
      YEAR = {1976},
    NUMBER = {2},
     PAGES = {259--261},
      ISSN = {0002-9904},
   MRCLASS = {47B20},
  MRNUMBER = {0399918},
MRREVIEWER = {D. Sarason},
       DOI = {10.1090/S0002-9904-1976-14014-1},
       URL = {https://doi-org.colorado.idm.oclc.org/10.1090/S0002-9904-1976-14014-1},
}
		
@article {MR0399875,
    AUTHOR = {Conway, John B.},
     TITLE = {On the {C}alkin algebra and the covering homotopy property},
   JOURNAL = {Trans. Amer. Math. Soc.},
  FJOURNAL = {Transactions of the American Mathematical Society},
    VOLUME = {211},
      YEAR = {1975},
     PAGES = {135--142},
      ISSN = {0002-9947},
   MRCLASS = {46L05 (46M20 55F05 58G10)},
  MRNUMBER = {0399875},
MRREVIEWER = {Jerome Kaminker},
       DOI = {10.2307/1997224},
       URL = {https://doi-org.colorado.idm.oclc.org/10.2307/1997224},
}
		
@book {MR0447532,
    AUTHOR = {Conway, John B.},
     TITLE = {Functions of one complex variable},
      NOTE = {Graduate Texts in Mathematics, 11},
 PUBLISHER = {Springer-Verlag, New York-Heidelberg},
      YEAR = {1973},
     PAGES = {xi+313},
   MRCLASS = {30-01},
  MRNUMBER = {0447532},
}
		
@article {MR0320778,
    AUTHOR = {Conway, John B.},
     TITLE = {A complete {B}oolean algebra of subspaces which is not
              reflexive},
   JOURNAL = {Bull. Amer. Math. Soc.},
  FJOURNAL = {Bulletin of the American Mathematical Society},
    VOLUME = {79},
      YEAR = {1973},
     PAGES = {720--722},
      ISSN = {0002-9904},
   MRCLASS = {47A15},
  MRNUMBER = {0320778},
MRREVIEWER = {P. A. Fillmore},
       DOI = {10.1090/S0002-9904-1973-13279-3},
       URL = {https://doi-org.colorado.idm.oclc.org/10.1090/S0002-9904-1973-13279-3},
}
		
@article {MR0310658,
    AUTHOR = {Conway, J. B. and Sz\H{u}cs, J.},
     TITLE = {The weak sequential closure of certain sets of extreme points
              in a von {N}eumann algebra},
   JOURNAL = {Indiana Univ. Math. J.},
  FJOURNAL = {Indiana University Mathematics Journal},
    VOLUME = {22},
      YEAR = {1972/73},
     PAGES = {763--768},
      ISSN = {0022-2518},
   MRCLASS = {46L10},
  MRNUMBER = {0310658},
MRREVIEWER = {H. Halpern},
       DOI = {10.1512/iumj.1973.22.22061},
       URL = {https://doi-org.colorado.idm.oclc.org/10.1512/iumj.1973.22.22061},
}
		
@article {MR0288559,
    AUTHOR = {Conway, John B.},
     TITLE = {The compact operators are not complemented in {${\cal B}({\cal
              H})$}},
   JOURNAL = {Proc. Amer. Math. Soc.},
  FJOURNAL = {Proceedings of the American Mathematical Society},
    VOLUME = {32},
      YEAR = {1972},
     PAGES = {549--550},
      ISSN = {0002-9939},
   MRCLASS = {46.10 (47.00)},
  MRNUMBER = {0288559},
MRREVIEWER = {J. B. Deeds},
       DOI = {10.2307/2037856},
       URL = {https://doi-org.colorado.idm.oclc.org/10.2307/2037856},
}
		
@article {MR0283607,
    AUTHOR = {Conway, John B.},
     TITLE = {On algebras of operators with totally ordered lattice of
              invariant subspaces},
   JOURNAL = {Proc. Amer. Math. Soc.},
  FJOURNAL = {Proceedings of the American Mathematical Society},
    VOLUME = {28},
      YEAR = {1971},
     PAGES = {163--168},
      ISSN = {0002-9939},
   MRCLASS = {47.35 (46.00)},
  MRNUMBER = {0283607},
MRREVIEWER = {W. B. Arveson},
       DOI = {10.2307/2037775},
       URL = {https://doi-org.colorado.idm.oclc.org/10.2307/2037775},
}
		
@article {MR0262839,
    AUTHOR = {Conway, John B.},
     TITLE = {The numerical range and a certain convex set in an infinite
              factor },
   JOURNAL = {J. Functional Analysis},
    VOLUME = {5},
      YEAR = {1970},
     PAGES = {428--435},
   MRCLASS = {46.65},
  MRNUMBER = {0262839},
MRREVIEWER = {E. Berkson},
       DOI = {10.1016/0022-1236(70)90019-4},
       URL = {https://doi-org.colorado.idm.oclc.org/10.1016/0022-1236(70)90019-4},
}
		
@article {MR0253031,
    AUTHOR = {Conway, John B.},
     TITLE = {On extending interpolating sets in the {S}tone-\v{C}ech
              compactification},
   JOURNAL = {Duke Math. J.},
  FJOURNAL = {Duke Mathematical Journal},
    VOLUME = {36},
      YEAR = {1969},
     PAGES = {753--759},
      ISSN = {0012-7094},
   MRCLASS = {46.25},
  MRNUMBER = {0253031},
MRREVIEWER = {C. W. Kohls},
       URL = {http://projecteuclid.org.colorado.idm.oclc.org/euclid.dmj/1077378638},
}
		
@article {MR0238068,
    AUTHOR = {Conway, John B.},
     TITLE = {A theorem on sequential convergence of measures and some
              applications },
   JOURNAL = {Pacific J. Math.},
  FJOURNAL = {Pacific Journal of Mathematics},
    VOLUME = {28},
      YEAR = {1969},
     PAGES = {53--60},
      ISSN = {0030-8730},
   MRCLASS = {46.25 (28.00)},
  MRNUMBER = {0238068},
MRREVIEWER = {R. M. Dudley},
       URL = {http://projecteuclid.org.colorado.idm.oclc.org/euclid.pjm/1102983608},
}
		
@article {MR0206685,
    AUTHOR = {Conway, John B.},
     TITLE = {The strict topology and compactness in the space of measures.
              {II}},
   JOURNAL = {Trans. Amer. Math. Soc.},
  FJOURNAL = {Transactions of the American Mathematical Society},
    VOLUME = {126},
      YEAR = {1967},
     PAGES = {474--486},
      ISSN = {0002-9947},
   MRCLASS = {46.25 (46.20)},
  MRNUMBER = {0206685},
MRREVIEWER = {I. Namioka},
       DOI = {10.2307/1994310},
       URL = {https://doi-org.colorado.idm.oclc.org/10.2307/1994310},
}
		
@article {MR0195048,
    AUTHOR = {Conway, John B.},
     TITLE = {Projections and retractions},
   JOURNAL = {Proc. Amer. Math. Soc.},
  FJOURNAL = {Proceedings of the American Mathematical Society},
    VOLUME = {17},
      YEAR = {1966},
     PAGES = {843--847},
      ISSN = {0002-9939},
   MRCLASS = {54.28},
  MRNUMBER = {0195048},
MRREVIEWER = {W. W. Comfort},
       DOI = {10.2307/2036265},
       URL = {https://doi-org.colorado.idm.oclc.org/10.2307/2036265},
}
		
@article {MR0187055,
    AUTHOR = {Conway, John B.},
     TITLE = {Subspaces of {$C(S)_{\beta }$}, the space {$(l^{\infty },
              \beta)$}},
   JOURNAL = {Bull. Amer. Math. Soc.},
  FJOURNAL = {Bulletin of the American Mathematical Society},
    VOLUME = {72},
      YEAR = {1966},
     PAGES = {79--81},
      ISSN = {0002-9904},
   MRCLASS = {46.20},
  MRNUMBER = {0187055},
MRREVIEWER = {I. Namioka},
       DOI = {10.1090/S0002-9904-1966-11425-8},
       URL = {https://doi-org.colorado.idm.oclc.org/10.1090/S0002-9904-1966-11425-8},
}
		
@article {MR0187054,
    AUTHOR = {Conway, John B.},
     TITLE = {The strict topology and compactness in the space of measures},
   JOURNAL = {Bull. Amer. Math. Soc.},
  FJOURNAL = {Bulletin of the American Mathematical Society},
    VOLUME = {72},
      YEAR = {1966},
     PAGES = {75--78},
      ISSN = {0002-9904},
   MRCLASS = {46.20},
  MRNUMBER = {0187054},
MRREVIEWER = {I. Namioka},
       DOI = {10.1090/S0002-9904-1966-11423-4},
       URL = {https://doi-org.colorado.idm.oclc.org/10.1090/S0002-9904-1966-11423-4},
}
		
@book {MR2615007,
    AUTHOR = {Conway, John Bligh},
     TITLE = {T{HE} {STRICT} {TOPOLOGY} {AND} {COMPACTNESS} {IN} {THE}
              {SPACE} {OF} {MEASURES}},
      NOTE = {Thesis (Ph.D.)--Louisiana State University and Agricultural \&
              Mechanical College},
 PUBLISHER = {ProQuest LLC, Ann Arbor, MI},
      YEAR = {1965},
     PAGES = {118},
   MRCLASS = {Thesis},
  MRNUMBER = {2615007},
       URL =
              {http://gateway.proquest.com.colorado.idm.oclc.org/openurl?url_ver=Z39.88-2004&rft_val_fmt=info:ofi/fmt:kev:mtx:dissertation&res_dat=xri:pqdiss&rft_dat=xri:pqdiss:6600724},
}