@incollection {MR3536762,
    AUTHOR = {Selsam, Daniel and de Moura, Leonardo},
     TITLE = {Congruence closure in intensional type theory},
 BOOKTITLE = {Automated reasoning},
    SERIES = {Lecture Notes in Comput. Sci.},
    VOLUME = {9706},
     PAGES = {99--115},
 PUBLISHER = {Springer, [Cham]},
      YEAR = {2016},
   MRCLASS = {68N18},
  MRNUMBER = {3536762},
       DOI = {10.1007/978-3-319-40229-1_8},
       URL = {https://doi-org.colorado.idm.oclc.org/10.1007/978-3-319-40229-1_8},
}
@incollection {MR3468257,
    AUTHOR = {Barrett, Clark and de Moura, Leonardo and Fontaine, Pascal},
     TITLE = {Proofs in satisfiability modulo theories},
 BOOKTITLE = {All about proofs, proofs for all},
    SERIES = {Stud. Log. (Lond.)},
    VOLUME = {55},
     PAGES = {23--44},
 PUBLISHER = {Coll. Publ., London},
      YEAR = {2015},
   MRCLASS = {68T20 (68Q60)},
  MRNUMBER = {3468257},
MRREVIEWER = {Horia F. Pop},
}
@incollection {MR3446905,
    AUTHOR = {de Moura, Leonardo and Kong, Soonho and Avigad, Jeremy and van
              Doorn, Floris and von Raumer, Jakob},
     TITLE = {The lean theorem prover (system description)},
 BOOKTITLE = {Automated deduction---{CADE} 25},
    SERIES = {Lecture Notes in Comput. Sci.},
    VOLUME = {9195},
     PAGES = {378--388},
 PUBLISHER = {Springer, Cham},
      YEAR = {2015},
   MRCLASS = {03B35 (03B15)},
  MRNUMBER = {3446905},
       DOI = {10.1007/978-3-319-21401-6_26},
       URL = {https://doi-org.colorado.idm.oclc.org/10.1007/978-3-319-21401-6_26},
}
@incollection {MR3220910,
    AUTHOR = {Bj\o rner, Nikolaj and de Moura, Leonardo},
     TITLE = {Tractability and modern satisfiability modulo theories
              solvers},
 BOOKTITLE = {Tractability},
     PAGES = {350--377},
 PUBLISHER = {Cambridge Univ. Press, Cambridge},
      YEAR = {2014},
   MRCLASS = {03B35 (68T15 68T20)},
  MRNUMBER = {3220910},
}
@incollection {MR3095570,
    AUTHOR = {de Moura, Leonardo and Passmore, Grant Olney},
     TITLE = {Computation in real closed infinitesimal and transcendental
              extensions of the rationals},
 BOOKTITLE = {Automated deduction---{CADE}-24},
    SERIES = {Lecture Notes in Comput. Sci.},
    VOLUME = {7898},
     PAGES = {178--192},
 PUBLISHER = {Springer, Heidelberg},
      YEAR = {2013},
   MRCLASS = {Expansion},
  MRNUMBER = {3095570},
       DOI = {10.1007/978-3-642-38574-2_12},
       URL = {https://doi-org.colorado.idm.oclc.org/10.1007/978-3-642-38574-2_12},
}
@incollection {MR3084215,
    AUTHOR = {de Moura, Leonardo and Passmore, Grant Olney},
     TITLE = {The strategy challenge in {SMT} solving},
 BOOKTITLE = {Automated reasoning and mathematics},
    SERIES = {Lecture Notes in Comput. Sci.},
    VOLUME = {7788},
     PAGES = {15--44},
 PUBLISHER = {Springer, Heidelberg},
      YEAR = {2013},
   MRCLASS = {68T15 (03B35 68T20)},
  MRNUMBER = {3084215},
       DOI = {10.1007/978-3-642-36675-8_2},
       URL = {https://doi-org.colorado.idm.oclc.org/10.1007/978-3-642-36675-8_2},
}
@incollection {MR3072172,
    AUTHOR = {de Moura, Leonardo and Jovanovi\'{c}, Dejan},
     TITLE = {A model-constructing satisfiability calculus},
 BOOKTITLE = {Verification, model checking, and abstract interpretation},
    SERIES = {Lecture Notes in Comput. Sci.},
    VOLUME = {7737},
     PAGES = {1--12},
 PUBLISHER = {Springer, Heidelberg},
      YEAR = {2013},
   MRCLASS = {Expansion},
  MRNUMBER = {3072172},
       DOI = {10.1007/978-3-642-35873-9_1},
       URL = {https://doi-org.colorado.idm.oclc.org/10.1007/978-3-642-35873-9_1},
}
@article {MR3063484,
    AUTHOR = {Jovanovi\'{c}, Dejan and de Moura, Leonardo},
     TITLE = {Cutting to the chase},
   JOURNAL = {J. Automat. Reason.},
  FJOURNAL = {Journal of Automated Reasoning},
    VOLUME = {51},
      YEAR = {2013},
    NUMBER = {1},
     PAGES = {79--108},
      ISSN = {0168-7433},
   MRCLASS = {90C10 (90C05)},
  MRNUMBER = {3063484},
       DOI = {10.1007/s10817-013-9281-x},
       URL = {https://doi-org.colorado.idm.oclc.org/10.1007/s10817-013-9281-x},
}
@incollection {MR2992347,
    AUTHOR = {Jovanovi\'{c}, Dejan and de Moura, Leonardo},
     TITLE = {Solving non-linear arithmetic},
 BOOKTITLE = {Automated reasoning},
    SERIES = {Lecture Notes in Comput. Sci.},
    VOLUME = {7364},
     PAGES = {339--354},
 PUBLISHER = {Springer, Heidelberg},
      YEAR = {2012},
   MRCLASS = {03B35 (03B25)},
  MRNUMBER = {2992347},
       DOI = {10.1007/978-3-642-31365-3_27},
       URL = {https://doi-org.colorado.idm.oclc.org/10.1007/978-3-642-31365-3_27},
}
@incollection {MR2870771,
    AUTHOR = {Hoder, Kry\v{s}tof and Bj\o rner, Nikolaj and de Moura, Leonardo},
     TITLE = {{$\mu Z$}---an efficient engine for fixed points with
              constraints},
 BOOKTITLE = {Computer aided verification},
    SERIES = {Lecture Notes in Comput. Sci.},
    VOLUME = {6806},
     PAGES = {457--462},
 PUBLISHER = {Springer, Heidelberg},
      YEAR = {2011},
   MRCLASS = {Expansion},
  MRNUMBER = {2870771},
       DOI = {10.1007/978-3-642-22110-1_36},
       URL = {https://doi-org.colorado.idm.oclc.org/10.1007/978-3-642-22110-1_36},
}
@incollection {MR2862877,
    AUTHOR = {Jovanovi\'{c}, Dejan and de Moura, Leonardo},
     TITLE = {Cutting to the chase solving linear integer arithmetic},
 BOOKTITLE = {Automated deduction---{CADE}-23},
    SERIES = {Lecture Notes in Comput. Sci.},
    VOLUME = {6803},
     PAGES = {338--353},
 PUBLISHER = {Springer, Heidelberg},
      YEAR = {2011},
   MRCLASS = {Expansion},
  MRNUMBER = {2862877},
       DOI = {10.1007/978-3-642-22438-6_26},
       URL = {https://doi-org.colorado.idm.oclc.org/10.1007/978-3-642-22438-6_26},
}
@article {MR2821787,
    AUTHOR = {Bonacina, Maria Paola and Lynch, Christopher A. and de Moura,
              Leonardo},
     TITLE = {On deciding satisfiability by theorem proving with speculative
              inferences},
   JOURNAL = {J. Automat. Reason.},
  FJOURNAL = {Journal of Automated Reasoning},
    VOLUME = {47},
      YEAR = {2011},
    NUMBER = {2},
     PAGES = {161--189},
      ISSN = {0168-7433},
   MRCLASS = {68T15 (68Q60)},
  MRNUMBER = {2821787},
       DOI = {10.1007/s10817-010-9213-y},
       URL = {https://doi-org.colorado.idm.oclc.org/10.1007/s10817-010-9213-y},
}
@incollection {MR2926378,
    AUTHOR = {Veanes, Margus and Bj\o rner, Nikolaj and de Moura, Leonardo},
     TITLE = {Symbolic automata constraint solving},
 BOOKTITLE = {Logic for programming, artificial intelligence, and reasoning},
    SERIES = {Lecture Notes in Comput. Sci.},
    VOLUME = {6397},
     PAGES = {640--654},
 PUBLISHER = {Springer, Berlin},
      YEAR = {2010},
   MRCLASS = {Expansion},
  MRNUMBER = {2926378},
       DOI = {10.1007/978-3-642-16242-8_45},
       URL = {https://doi-org.colorado.idm.oclc.org/10.1007/978-3-642-16242-8_45},
}
@article {MR2601419,
    AUTHOR = {Piskac, Ruzica and de Moura, Leonardo and Bj\o rner, Nikolaj},
     TITLE = {Deciding effectively propositional logic using {DPLL} and
              substitution sets},
   JOURNAL = {J. Automat. Reason.},
  FJOURNAL = {Journal of Automated Reasoning},
    VOLUME = {44},
      YEAR = {2010},
    NUMBER = {4},
     PAGES = {401--424},
      ISSN = {0168-7433},
   MRCLASS = {03B05 (03B25 03B35)},
  MRNUMBER = {2601419},
       DOI = {10.1007/s10817-009-9161-6},
       URL = {https://doi-org.colorado.idm.oclc.org/10.1007/s10817-009-9161-6},
}
@incollection {MR2550323,
    AUTHOR = {Bonacina, Maria Paola and Lynch, Christopher and de Moura,
              Leonardo},
     TITLE = {On deciding satisfiability by {${\rm DPLL}(\Gamma+\scr T)$}
              and unsound theorem proving},
 BOOKTITLE = {Automated deduction---{CADE}-22},
    SERIES = {Lecture Notes in Comput. Sci.},
    VOLUME = {5663},
     PAGES = {35--50},
 PUBLISHER = {Springer, Berlin},
      YEAR = {2009},
   MRCLASS = {68T15 (68Q60)},
  MRNUMBER = {2550323},
       DOI = {10.1007/978-3-642-02959-2_3},
       URL = {https://doi-org.colorado.idm.oclc.org/10.1007/978-3-642-02959-2_3},
}
@inproceedings {MR2437387,
    AUTHOR = {de Moura, Leonardo and Bj\o rner, Nikolaj},
     TITLE = {Model-based theory combination},
 BOOKTITLE = {Proceedings of the 5th {I}nternational {W}orkshop on
              {S}atisfiability {M}odulo {T}heories ({SMT} 2007)},
    SERIES = {Electron. Notes Theor. Comput. Sci.},
    VOLUME = {198},
     PAGES = {37--49},
 PUBLISHER = {Elsevier Sci. B. V., Amsterdam},
      YEAR = {2008},
   MRCLASS = {Expansion},
  MRNUMBER = {2437387},
}
@incollection {MR2458080,
    AUTHOR = {de Moura, Leonardo and Bj\o rner, Nikolaj},
     TITLE = {Efficient {E}-matching for {SMT} solvers},
 BOOKTITLE = {Automated deduction---{CADE}-21},
    SERIES = {Lecture Notes in Comput. Sci.},
    VOLUME = {4603},
     PAGES = {183--198},
 PUBLISHER = {Springer, Berlin},
      YEAR = {2007},
   MRCLASS = {68T15 (03B35)},
  MRNUMBER = {2458080},
       DOI = {10.1007/978-3-540-73595-3_13},
       URL = {https://doi-org.colorado.idm.oclc.org/10.1007/978-3-540-73595-3_13},
}
@incollection {MR2301156,
    AUTHOR = {Dutertre, Bruno and de Moura, Leonardo},
     TITLE = {A fast linear-arithmetic solver for {${\rm DPLL}(T)$}},
 BOOKTITLE = {Computer aided verification},
    SERIES = {Lecture Notes in Comput. Sci.},
    VOLUME = {4144},
     PAGES = {81--94},
 PUBLISHER = {Springer, Berlin},
      YEAR = {2006},
   MRCLASS = {Expansion},
  MRNUMBER = {2301156},
       DOI = {10.1007/11817963_11},
       URL = {https://doi-org.colorado.idm.oclc.org/10.1007/11817963_11},
}
@incollection {MR2140359,
    AUTHOR = {de Moura, Leonardo and Owre, Sam and Rue\ss , Harald and Rushby,
              John and Shankar, Natarajan},
     TITLE = {The {ICS} decision procedures for embedded deduction},
 BOOKTITLE = {Automated reasoning},
    SERIES = {Lecture Notes in Comput. Sci.},
    VOLUME = {3097},
     PAGES = {218--222},
 PUBLISHER = {Springer, Berlin},
      YEAR = {2004},
   MRCLASS = {Expansion},
  MRNUMBER = {2140359},
       DOI = {10.1007/978-3-540-25984-8_14},
       URL = {https://doi-org.colorado.idm.oclc.org/10.1007/978-3-540-25984-8_14},
}
@incollection {MR2081011,
    AUTHOR = {de Moura, Leonardo and Rue\ss , Harald and Sorea, Maria},
     TITLE = {Bounded model checking and induction: from refutation to
              verification (extended abstract, {C}ategory {A})},
 BOOKTITLE = {Computer aided verification},
    SERIES = {Lecture Notes in Comput. Sci.},
    VOLUME = {2725},
     PAGES = {14--26},
 PUBLISHER = {Springer, Berlin},
      YEAR = {2003},
   MRCLASS = {68Q60},
  MRNUMBER = {2081011},
       DOI = {10.1007/978-3-540-45069-6_2},
       URL = {https://doi-org.colorado.idm.oclc.org/10.1007/978-3-540-45069-6_2},
}
@incollection {MR2050398,
    AUTHOR = {de Moura, Leonardo and Rue\ss , Harald and Sorea, Maria},
     TITLE = {Lazy theorem proving for bounded model checking over infinite
              domains},
 BOOKTITLE = {Automated deduction---{CADE}-18},
    SERIES = {Lecture Notes in Comput. Sci.},
    VOLUME = {2392},
     PAGES = {438--455},
 PUBLISHER = {Springer, Berlin},
      YEAR = {2002},
   MRCLASS = {Expansion},
  MRNUMBER = {2050398},
       DOI = {10.1007/3-540-45620-1_35},
       URL = {https://doi-org.colorado.idm.oclc.org/10.1007/3-540-45620-1_35},
}
