
@article {MR3760300,
    AUTHOR = {Antieau, Benjamin and Barthel, Tobias and Gepner, David},
     TITLE = {On localization sequences in the algebraic {$K$}-theory of
              ring spectra},
   JOURNAL = {J. Eur. Math. Soc. (JEMS)},
  FJOURNAL = {Journal of the European Mathematical Society (JEMS)},
    VOLUME = {20},
      YEAR = {2018},
    NUMBER = {2},
     PAGES = {459--487},
      ISSN = {1435-9855},
   MRCLASS = {19D55 (16E40 18E30 19D10 55P43)},
  MRNUMBER = {3760300},
MRREVIEWER = {Fernando Muro},
       DOI = {10.4171/JEMS/771},
       URL = {https://doi-org.colorado.idm.oclc.org/10.4171/JEMS/771},
}
		
@article {MR3690268,
    AUTHOR = {Gepner, David and Haugseng, Rune and Nikolaus, Thomas},
     TITLE = {Lax colimits and free fibrations in {$\infty$}-categories},
   JOURNAL = {Doc. Math.},
  FJOURNAL = {Documenta Mathematica},
    VOLUME = {22},
      YEAR = {2017},
     PAGES = {1225--1266},
      ISSN = {1431-0635},
   MRCLASS = {18D30 (18A30)},
  MRNUMBER = {3690268},
MRREVIEWER = {Josep Elgueta},
}
		
@article {MR3641669,
    AUTHOR = {Gepner, David and Kock, Joachim},
     TITLE = {Univalence in locally cartesian closed {$\infty$}-categories},
   JOURNAL = {Forum Math.},
  FJOURNAL = {Forum Mathematicum},
    VOLUME = {29},
      YEAR = {2017},
    NUMBER = {3},
     PAGES = {617--652},
      ISSN = {0933-7741},
   MRCLASS = {55U35 (18B25 18C50)},
  MRNUMBER = {3641669},
MRREVIEWER = {Andrzej Wi\'{s}nicki},
       DOI = {10.1515/forum-2015-0228},
       URL = {https://doi-org.colorado.idm.oclc.org/10.1515/forum-2015-0228},
}
		
@article {MR3430369,
    AUTHOR = {Blumberg, Andrew J. and Gepner, David and Tabuada, Gon\c{c}alo},
     TITLE = {{$K$}-theory of endomorphisms via noncommutative motives},
   JOURNAL = {Trans. Amer. Math. Soc.},
  FJOURNAL = {Transactions of the American Mathematical Society},
    VOLUME = {368},
      YEAR = {2016},
    NUMBER = {2},
     PAGES = {1435--1465},
      ISSN = {0002-9947},
   MRCLASS = {19D10 (14C15 18D20 19D25 19D35 19D55 55P43)},
  MRNUMBER = {3430369},
MRREVIEWER = {Charles Weibel},
       DOI = {10.1090/tran/6507},
       URL = {https://doi-org.colorado.idm.oclc.org/10.1090/tran/6507},
}
		
@article {MR3450758,
    AUTHOR = {Gepner, David and Groth, Moritz and Nikolaus, Thomas},
     TITLE = {Universality of multiplicative infinite loop space machines},
   JOURNAL = {Algebr. Geom. Topol.},
  FJOURNAL = {Algebraic \& Geometric Topology},
    VOLUME = {15},
      YEAR = {2015},
    NUMBER = {6},
     PAGES = {3107--3153},
      ISSN = {1472-2747},
   MRCLASS = {55P48 (19D23 55P43)},
  MRNUMBER = {3450758},
MRREVIEWER = {John A. Lind},
       DOI = {10.2140/agt.2015.15.3107},
       URL = {https://doi-org.colorado.idm.oclc.org/10.2140/agt.2015.15.3107},
}
		
@article {MR3345192,
    AUTHOR = {Gepner, David and Haugseng, Rune},
     TITLE = {Enriched {$\infty$}-categories via non-symmetric
              {$\infty$}-operads},
   JOURNAL = {Adv. Math.},
  FJOURNAL = {Advances in Mathematics},
    VOLUME = {279},
      YEAR = {2015},
     PAGES = {575--716},
      ISSN = {0001-8708},
   MRCLASS = {18D20 (18D10 18D50)},
  MRNUMBER = {3345192},
MRREVIEWER = {Christopher L. Rogers},
       DOI = {10.1016/j.aim.2015.02.007},
       URL = {https://doi-org.colorado.idm.oclc.org/10.1016/j.aim.2015.02.007},
}
		
@article {MR3286898,
    AUTHOR = {Ando, Matthew and Blumberg, Andrew J. and Gepner, David and
              Hopkins, Michael J. and Rezk, Charles},
     TITLE = {Units of ring spectra, orientations and {T}hom spectra via
              rigid infinite loop space theory},
   JOURNAL = {J. Topol.},
  FJOURNAL = {Journal of Topology},
    VOLUME = {7},
      YEAR = {2014},
    NUMBER = {4},
     PAGES = {1077--1117},
      ISSN = {1753-8416},
   MRCLASS = {55P43 (55N34 55R65)},
  MRNUMBER = {3286898},
MRREVIEWER = {Steven R. Costenoble},
       DOI = {10.1112/jtopol/jtu009},
       URL = {https://doi-org.colorado.idm.oclc.org/10.1112/jtopol/jtu009},
}
		
@article {MR3252967,
    AUTHOR = {Ando, Matthew and Blumberg, Andrew J. and Gepner, David and
              Hopkins, Michael J. and Rezk, Charles},
     TITLE = {An {$\infty$}-categorical approach to {$R$}-line bundles,
              {$R$}-module {T}hom spectra, and twisted {$R$}-homology},
   JOURNAL = {J. Topol.},
  FJOURNAL = {Journal of Topology},
    VOLUME = {7},
      YEAR = {2014},
    NUMBER = {3},
     PAGES = {869--893},
      ISSN = {1753-8416},
   MRCLASS = {55P43 (55N20 55U40)},
  MRNUMBER = {3252967},
MRREVIEWER = {Tyler D. Lawson},
       DOI = {10.1112/jtopol/jtt035},
       URL = {https://doi-org.colorado.idm.oclc.org/10.1112/jtopol/jtt035},
}
		
@article {MR3209352,
    AUTHOR = {Blumberg, Andrew J. and Gepner, David and Tabuada, Gon\c{c}alo},
     TITLE = {Uniqueness of the multiplicative cyclotomic trace},
   JOURNAL = {Adv. Math.},
  FJOURNAL = {Advances in Mathematics},
    VOLUME = {260},
      YEAR = {2014},
     PAGES = {191--232},
      ISSN = {0001-8708},
   MRCLASS = {19D55 (19D23 55N15)},
  MRNUMBER = {3209352},
MRREVIEWER = {Jeffrey Giansiracusa},
       DOI = {10.1016/j.aim.2014.02.004},
       URL = {https://doi-org.colorado.idm.oclc.org/10.1016/j.aim.2014.02.004},
}
		
@article {MR3192610,
    AUTHOR = {Antieau, Benjamin and Gepner, David and G\'{o}mez, Jos\'{e} Manuel},
     TITLE = {Actions of {$K(\pi,n)$} spaces on {$K$}-theory and uniqueness
              of twisted {$K$}-theory},
   JOURNAL = {Trans. Amer. Math. Soc.},
  FJOURNAL = {Transactions of the American Mathematical Society},
    VOLUME = {366},
      YEAR = {2014},
    NUMBER = {7},
     PAGES = {3631--3648},
      ISSN = {0002-9947},
   MRCLASS = {19L50 (55N15)},
  MRNUMBER = {3192610},
MRREVIEWER = {Bin Zhang},
       DOI = {10.1090/S0002-9947-2014-05937-0},
       URL = {https://doi-org.colorado.idm.oclc.org/10.1090/S0002-9947-2014-05937-0},
}
		
@article {MR3190610,
    AUTHOR = {Antieau, Benjamin and Gepner, David},
     TITLE = {Brauer groups and \'{e}tale cohomology in derived algebraic
              geometry},
   JOURNAL = {Geom. Topol.},
  FJOURNAL = {Geometry \& Topology},
    VOLUME = {18},
      YEAR = {2014},
    NUMBER = {2},
     PAGES = {1149--1244},
      ISSN = {1465-3060},
   MRCLASS = {14F22 (13D09 14D20 18G55 55P43)},
  MRNUMBER = {3190610},
MRREVIEWER = {Timothy J. Ford},
       DOI = {10.2140/gt.2014.18.1149},
       URL = {https://doi-org.colorado.idm.oclc.org/10.2140/gt.2014.18.1149},
}
		
@article {MR3070515,
    AUTHOR = {Blumberg, Andrew J. and Gepner, David and Tabuada, Gon\c{c}alo},
     TITLE = {A universal characterization of higher algebraic {$K$}-theory},
   JOURNAL = {Geom. Topol.},
  FJOURNAL = {Geometry \& Topology},
    VOLUME = {17},
      YEAR = {2013},
    NUMBER = {2},
     PAGES = {733--838},
      ISSN = {1465-3060},
   MRCLASS = {19D10 (18D20 19D25 19D55 55N15 55U40)},
  MRNUMBER = {3070515},
MRREVIEWER = {Ross Staffeldt},
       DOI = {10.2140/gt.2013.17.733},
       URL = {https://doi-org.colorado.idm.oclc.org/10.2140/gt.2013.17.733},
}
		
@incollection {MR2681757,
    AUTHOR = {Ando, Matthew and Blumberg, Andrew J. and Gepner, David},
     TITLE = {Twists of {$K$}-theory and {TMF}},
 BOOKTITLE = {Superstrings, geometry, topology, and {$C^\ast$}-algebras},
    SERIES = {Proc. Sympos. Pure Math.},
    VOLUME = {81},
     PAGES = {27--63},
 PUBLISHER = {Amer. Math. Soc., Providence, RI},
      YEAR = {2010},
   MRCLASS = {55N34 (19L50 55N20 55P43)},
  MRNUMBER = {2681757},
MRREVIEWER = {Tyler D. Lawson},
       DOI = {10.1090/pspum/081/2681757},
       URL = {https://doi-org.colorado.idm.oclc.org/10.1090/pspum/081/2681757},
}
		
@article {MR2540697,
    AUTHOR = {Gepner, David and Snaith, Victor},
     TITLE = {On the motivic spectra representing algebraic cobordism and
              algebraic {$K$}-theory},
   JOURNAL = {Doc. Math.},
  FJOURNAL = {Documenta Mathematica},
    VOLUME = {14},
      YEAR = {2009},
     PAGES = {359--396},
      ISSN = {1431-0635},
   MRCLASS = {55N15 (14F42 55N22)},
  MRNUMBER = {2540697},
MRREVIEWER = {Keith Peter Johnson},
}
		
@book {MR2708962,
    AUTHOR = {Gepner, David J.},
     TITLE = {Homotopy topoi and equivariant elliptic cohomology},
      NOTE = {Thesis (Ph.D.)--University of Illinois at Urbana-Champaign},
 PUBLISHER = {ProQuest LLC, Ann Arbor, MI},
      YEAR = {2006},
     PAGES = {67},
      ISBN = {978-0542-77401-0},
   MRCLASS = {Thesis},
  MRNUMBER = {2708962},
       URL =
              {http://gateway.proquest.com.colorado.idm.oclc.org/openurl?url_ver=Z39.88-2004&rft_val_fmt=info:ofi/fmt:kev:mtx:dissertation&res_dat=xri:pqdiss&rft_dat=xri:pqdiss:3223594},
}
		
