@incollection {MR3706464,
    AUTHOR = {van Delft, Myrthe and Geuvers, Herman and Willemse, Tim A. C.},
     TITLE = {A formalisation of consistent consequence for {B}oolean
              equation systems},
 BOOKTITLE = {Interactive theorem proving},
    SERIES = {Lecture Notes in Comput. Sci.},
    VOLUME = {10499},
     PAGES = {462--478},
 PUBLISHER = {Springer, Cham},
      YEAR = {2017},
   MRCLASS = {68T15 (68Q60)},
  MRNUMBER = {3706464},
}
@article {MR3637263,
    AUTHOR = {Basold, Henning and Geuvers, Herman and van der Weide, Niels},
     TITLE = {Higher inductive types in programming},
   JOURNAL = {J.UCS},
  FJOURNAL = {J.UCS. Journal of Universal Computer Science},
    VOLUME = {23},
      YEAR = {2017},
    NUMBER = {1},
     PAGES = {63--88},
      ISSN = {0948-695X},
   MRCLASS = {68N18 (68N15 68Q65)},
  MRNUMBER = {3637263},
}
@incollection {MR3611844,
    AUTHOR = {Geuvers, Herman and Hurkens, Tonny},
     TITLE = {Deriving natural deduction rules from truth tables},
 BOOKTITLE = {Logic and its applications},
    SERIES = {Lecture Notes in Comput. Sci.},
    VOLUME = {10119},
     PAGES = {123--138},
 PUBLISHER = {Springer, Berlin},
      YEAR = {2017},
   MRCLASS = {03F03},
  MRNUMBER = {3611844},
}
@inproceedings {MR3776752,
    AUTHOR = {Basold, Henning and Geuvers, Herman},
     TITLE = {Type theory based on dependent inductive and coinductive
              types},
 BOOKTITLE = {Proceedings of the 31st {A}nnual {ACM}-{IEEE} {S}ymposium on
              {L}ogic in {C}omputer {S}cience ({LICS} 2016)},
     PAGES = {10},
 PUBLISHER = {ACM, New York},
      YEAR = {2016},
   MRCLASS = {68Q55 (68N18)},
  MRNUMBER = {3776752},
}
@article {MR3643685,
    AUTHOR = {Wiedijk, Freek and Geuvers, Herman and Urban, Josef},
     TITLE = {A mathematical proof proved correct: the most efficient way to
              stack balls},
   JOURNAL = {Nieuw Arch. Wiskd. (5)},
  FJOURNAL = {Nieuw Archief voor Wiskunde. Vijfde Serie},
    VOLUME = {17},
      YEAR = {2016},
    NUMBER = {3},
     PAGES = {177--183},
      ISSN = {0028-9825},
   MRCLASS = {52C17 (03B35)},
  MRNUMBER = {3643685},
}
@inproceedings {MR3609868,
    AUTHOR = {Geuvers, Herman and Geraedts, Wouter and Geron, Bram and van
              Stegeren, Judith},
     TITLE = {A type system for continuation calculus},
 BOOKTITLE = {Proceedings {F}ifth {I}nternational {W}orkshop on {C}lassical
              {L}ogic and {C}omputation},
    SERIES = {Electron. Proc. Theor. Comput. Sci. (EPTCS)},
    VOLUME = {164},
     PAGES = {1--17},
 PUBLISHER = {EPTCS, [place of publication not identified]},
      YEAR = {2014},
   MRCLASS = {68N18 (68Q42)},
  MRNUMBER = {3609868},
}
@book {MR3445957,
    AUTHOR = {Nederpelt, Rob and Geuvers, Herman},
     TITLE = {Type theory and formal proof},
      NOTE = {An introduction,
              With a foreword by Henk Barendregt},
 PUBLISHER = {Cambridge University Press, Cambridge},
      YEAR = {2014},
     PAGES = {xxv+436},
      ISBN = {978-1-107-03650-5},
   MRCLASS = {03-01 (03B35 03B40 68-01 68N18 68T15)},
  MRNUMBER = {3445957},
MRREVIEWER = {Luca Paolini},
       DOI = {10.1017/CBO9781139567725},
       URL = {https://doi-org.colorado.idm.oclc.org/10.1017/CBO9781139567725},
}
@article {MR3124817,
    AUTHOR = {Geuvers, Herman and Nederpelt, Rob},
     TITLE = {N. {G}. de {B}ruijn's contribution to the formalization of
              mathematics},
   JOURNAL = {Indag. Math. (N.S.)},
  FJOURNAL = {Koninklijke Nederlandse Akademie van Wetenschappen.
              Indagationes Mathematicae. New Series},
    VOLUME = {24},
      YEAR = {2013},
    NUMBER = {4},
     PAGES = {1034--1049},
      ISSN = {0019-3577},
   MRCLASS = {03B35 (00A35 01A70)},
  MRNUMBER = {3124817},
       DOI = {10.1016/j.indag.2013.09.003},
       URL = {https://doi-org.colorado.idm.oclc.org/10.1016/j.indag.2013.09.003},
}
@incollection {MR3111289,
    AUTHOR = {Tankink, Carst and Kaliszyk, Cezary and Urban, Josef and
              Geuvers, Herman},
     TITLE = {Communicating formal proofs: the case of flyspeck},
 BOOKTITLE = {Interactive theorem proving},
    SERIES = {Lecture Notes in Comput. Sci.},
    VOLUME = {7998},
     PAGES = {451--456},
 PUBLISHER = {Springer, Heidelberg},
      YEAR = {2013},
   MRCLASS = {Expansion},
  MRNUMBER = {3111289},
       DOI = {10.1007/978-3-642-39634-2_32},
       URL = {https://doi-org.colorado.idm.oclc.org/10.1007/978-3-642-39634-2_32},
}
@article {MR3029209,
    AUTHOR = {Geuvers, Herman and Krebbers, Robbert and McKinna, James},
     TITLE = {The {$\lambda\mu^{\bold{T}}$}-calculus},
   JOURNAL = {Ann. Pure Appl. Logic},
  FJOURNAL = {Annals of Pure and Applied Logic},
    VOLUME = {164},
      YEAR = {2013},
    NUMBER = {6},
     PAGES = {676--701},
      ISSN = {0168-0072},
   MRCLASS = {03B40 (03F03 68N18)},
  MRNUMBER = {3029209},
MRREVIEWER = {Esfandiar Haghverdi},
       DOI = {10.1016/j.apal.2012.05.005},
       URL = {https://doi-org.colorado.idm.oclc.org/10.1016/j.apal.2012.05.005},
}
@article {MR2839144,
    AUTHOR = {Geuvers, Herman and Krebbers, Robbert},
     TITLE = {The correctness of {N}ewman's typability algorithm and some of
              its extensions},
   JOURNAL = {Theoret. Comput. Sci.},
  FJOURNAL = {Theoretical Computer Science},
    VOLUME = {412},
      YEAR = {2011},
    NUMBER = {28},
     PAGES = {3242--3261},
      ISSN = {0304-3975},
   MRCLASS = {03B40 (03B15)},
  MRNUMBER = {2839144},
MRREVIEWER = {Mariangiola Dezani-Ciancaglini},
       DOI = {10.1016/j.tcs.2011.03.016},
       URL = {https://doi-org.colorado.idm.oclc.org/10.1016/j.tcs.2011.03.016},
}
@article {MR2790027,
    AUTHOR = {Endrullis, J\"{o}rg and Geuvers, Herman and Simonsen, Jakob Grue
              and Zantema, Hans},
     TITLE = {Levels of undecidability in rewriting},
   JOURNAL = {Inform. and Comput.},
  FJOURNAL = {Information and Computation},
    VOLUME = {209},
      YEAR = {2011},
    NUMBER = {2},
     PAGES = {227--245},
      ISSN = {0890-5401},
   MRCLASS = {68Q42 (03D35)},
  MRNUMBER = {2790027},
       DOI = {10.1016/j.ic.2010.09.003},
       URL = {https://doi-org.colorado.idm.oclc.org/10.1016/j.ic.2010.09.003},
}
@incollection {MR2678744,
    AUTHOR = {Geuvers, Herman and Koprowski, Adam and Synek, Dan and van der
              Weegen, Eelis},
     TITLE = {Automated machine-checked hybrid system safety proofs},
 BOOKTITLE = {Interactive theorem proving},
    SERIES = {Lecture Notes in Comput. Sci.},
    VOLUME = {6172},
     PAGES = {259--274},
 PUBLISHER = {Springer, Berlin},
      YEAR = {2010},
   MRCLASS = {Expansion},
  MRNUMBER = {2678744},
       DOI = {10.1007/978-3-642-14052-5_19},
       URL = {https://doi-org.colorado.idm.oclc.org/10.1007/978-3-642-14052-5_19},
}
@incollection {MR2564262,
    AUTHOR = {Endrullis, J\"{o}rg and Geuvers, Herman and Zantema, Hans},
     TITLE = {Degrees of undecidability in term rewriting},
 BOOKTITLE = {Computer science logic},
    SERIES = {Lecture Notes in Comput. Sci.},
    VOLUME = {5771},
     PAGES = {255--270},
 PUBLISHER = {Springer, Berlin},
      YEAR = {2009},
   MRCLASS = {68Q42},
  MRNUMBER = {2564262},
       DOI = {10.1007/978-3-642-04027-6_20},
       URL = {https://doi-org.colorado.idm.oclc.org/10.1007/978-3-642-04027-6_20},
}
@article {MR2547326,
    AUTHOR = {Geuvers, H.},
     TITLE = {Proof assistants: history, ideas and future},
   JOURNAL = {S\={a}dhan\={a}},
  FJOURNAL = {S\={a}dhan\={a}. Academy Proceedings in Engineering Sciences},
    VOLUME = {34},
      YEAR = {2009},
    NUMBER = {1},
     PAGES = {3--25},
      ISSN = {0256-2499},
   MRCLASS = {68T15 (03B35)},
  MRNUMBER = {2547326},
       DOI = {10.1007/s12046-009-0001-5},
       URL = {https://doi-org.colorado.idm.oclc.org/10.1007/s12046-009-0001-5},
}
@article {MR2545506,
    AUTHOR = {Asperti, Andrea and Geuvers, Herman and Natarajan, Raja},
     TITLE = {Social processes, program verification and all that},
   JOURNAL = {Math. Structures Comput. Sci.},
  FJOURNAL = {Mathematical Structures in Computer Science. A Journal in the
              Applications of Categorical, Algebraic and Geometric Methods
              in Computer Science},
    VOLUME = {19},
      YEAR = {2009},
    NUMBER = {5},
     PAGES = {877--896},
      ISSN = {0960-1295},
   MRCLASS = {68Q60},
  MRNUMBER = {2545506},
       DOI = {10.1017/S0960129509990041},
       URL = {https://doi-org.colorado.idm.oclc.org/10.1017/S0960129509990041},
}
@article {MR2474434,
    AUTHOR = {Cooper, S. Barry and Geuvers, Herman and Pillay, Anand and
              V\"{a}\"{a}n\"{a}nen, Jouko},
     TITLE = {Preface [{L}ogic colloquium 2006]},
      NOTE = {Held in Nijmegen, July 27--August 2, 2006},
   JOURNAL = {Ann. Pure Appl. Logic},
  FJOURNAL = {Annals of Pure and Applied Logic},
    VOLUME = {156},
      YEAR = {2008},
    NUMBER = {1},
     PAGES = {1--2},
      ISSN = {0168-0072},
   MRCLASS = {03-06},
  MRNUMBER = {2474434},
       DOI = {10.1016/j.apal.2008.06.001},
       URL = {https://doi-org.colorado.idm.oclc.org/10.1016/j.apal.2008.06.001},
}
@inproceedings {MR2437370,
    AUTHOR = {Geuvers, Herman and Wiedijk, Freek},
     TITLE = {A logical framework with explicit conversions},
 BOOKTITLE = {Proceedings of the {F}ourth {I}nternational {W}orkshop on
              {L}ogical {F}rameworks and {M}eta-{L}anguages ({LFM} 2004)},
    SERIES = {Electron. Notes Theor. Comput. Sci.},
    VOLUME = {199},
     PAGES = {33--47},
 PUBLISHER = {Elsevier Sci. B. V., Amsterdam},
      YEAR = {2008},
   MRCLASS = {Expansion},
  MRNUMBER = {2437370},
       DOI = {10.1016/j.entcs.2007.11.011},
       URL = {https://doi-org.colorado.idm.oclc.org/10.1016/j.entcs.2007.11.011},
}
@inproceedings {MR2408908,
    AUTHOR = {Geuvers, Herman and Loeb, Iris},
     TITLE = {Deduction graphs with universal quantification},
 BOOKTITLE = {Proceedings of the {F}ourth {I}nternational {W}orkshop on
              {C}omputing with {T}erms and {G}raphs ({TERMGRAPH} 2007)},
    SERIES = {Electron. Notes Theor. Comput. Sci.},
    VOLUME = {203},
     PAGES = {93--108},
 PUBLISHER = {Elsevier Sci. B. V., Amsterdam},
      YEAR = {2008},
   MRCLASS = {Expansion},
  MRNUMBER = {2408908},
}
@incollection {MR2497302,
    AUTHOR = {Geuvers, Herman},
     TITLE = {({I}n)consistency of extensions of higher order logic and type
              theory},
 BOOKTITLE = {Types for proofs and programs},
    SERIES = {Lecture Notes in Comput. Sci.},
    VOLUME = {4502},
     PAGES = {140--159},
 PUBLISHER = {Springer, Berlin},
      YEAR = {2007},
   MRCLASS = {03B15 (03B40)},
  MRNUMBER = {2497302},
       DOI = {10.1007/978-3-540-74464-1_10},
       URL = {https://doi-org.colorado.idm.oclc.org/10.1007/978-3-540-74464-1_10},
}
@article {MR2339920,
    AUTHOR = {Geuvers, Herman and Loeb, Iris},
     TITLE = {Natural deduction via graphs: formal definition and
              computation rules},
   JOURNAL = {Math. Structures Comput. Sci.},
  FJOURNAL = {Mathematical Structures in Computer Science. A Journal in the
              Applications of Categorical, Algebraic and Geometric Methods
              in Computer Science},
    VOLUME = {17},
      YEAR = {2007},
    NUMBER = {3},
     PAGES = {485--526},
      ISSN = {0960-1295},
   MRCLASS = {03F07 (03F05)},
  MRNUMBER = {2339920},
MRREVIEWER = {Sara Negri},
       DOI = {10.1017/S0960129507006123},
       URL = {https://doi-org.colorado.idm.oclc.org/10.1017/S0960129507006123},
}
@article {MR2311084,
    AUTHOR = {Geuvers, Herman and Niqui, Milad and Spitters, Bas and
              Wiedijk, Freek},
     TITLE = {Constructive analysis, types and exact real numbers},
   JOURNAL = {Math. Structures Comput. Sci.},
  FJOURNAL = {Mathematical Structures in Computer Science. A Journal in the
              Applications of Categorical, Algebraic and Geometric Methods
              in Computer Science},
    VOLUME = {17},
      YEAR = {2007},
    NUMBER = {1},
     PAGES = {3--36},
      ISSN = {0960-1295},
   MRCLASS = {03F60 (03B30 03D45)},
  MRNUMBER = {2311084},
       DOI = {10.1017/S0960129506005834},
       URL = {https://doi-org.colorado.idm.oclc.org/10.1017/S0960129506005834},
}
@article {MR2311083,
    AUTHOR = {Spitters, Bas and Geuvers, Herman and Niqui, Milad and
              Wiedijk, Freek},
     TITLE = {Preface to the special issue: constructive analysis, types and
              exact real numbers},
   JOURNAL = {Math. Structures Comput. Sci.},
  FJOURNAL = {Mathematical Structures in Computer Science. A Journal in the
              Applications of Categorical, Algebraic and Geometric Methods
              in Computer Science},
    VOLUME = {17},
      YEAR = {2007},
    NUMBER = {1},
     PAGES = {1},
      ISSN = {0960-1295},
   MRCLASS = {03-06},
  MRNUMBER = {2311083},
       DOI = {10.1017/S0960129506005846},
       URL = {https://doi-org.colorado.idm.oclc.org/10.1017/S0960129506005846},
}
@incollection {MR2298165,
    AUTHOR = {Geuvers, Herman and Loeb, Iris},
     TITLE = {From deduction graphs to proof nets: boxes and sharing in the
              graphical presentation of deductions},
 BOOKTITLE = {Mathematical foundations of computer science 2006},
    SERIES = {Lecture Notes in Comput. Sci.},
    VOLUME = {4162},
     PAGES = {39--57},
 PUBLISHER = {Springer, Berlin},
      YEAR = {2006},
   MRCLASS = {03F52 (03B47 03B70)},
  MRNUMBER = {2298165},
       DOI = {10.1007/11821069_4},
       URL = {https://doi-org.colorado.idm.oclc.org/10.1007/11821069_4},
}
@incollection {MR2154978,
    AUTHOR = {Geuvers, Herman and Nederpelt, Rob},
     TITLE = {Rewriting for {F}itch style natural deductions},
 BOOKTITLE = {Rewriting techniques and applications},
    SERIES = {Lecture Notes in Comput. Sci.},
    VOLUME = {3091},
     PAGES = {134--154},
 PUBLISHER = {Springer, Berlin},
      YEAR = {2004},
   MRCLASS = {68Q42 (03F05 03F07)},
  MRNUMBER = {2154978},
       DOI = {10.1007/978-3-540-25979-4_10},
       URL = {https://doi-org.colorado.idm.oclc.org/10.1007/978-3-540-25979-4_10},
}
@incollection {MR2048072,
    AUTHOR = {Geuvers, Herman and Jojgov, Gueorgui I.},
     TITLE = {Open proofs and open terms: a basis for interactive logic},
 BOOKTITLE = {Computer science logic},
    SERIES = {Lecture Notes in Comput. Sci.},
    VOLUME = {2471},
     PAGES = {537--552},
 PUBLISHER = {Springer, Berlin},
      YEAR = {2002},
   MRCLASS = {03B35 (03B15)},
  MRNUMBER = {2048072},
       DOI = {10.1007/3-540-45793-3_36},
       URL = {https://doi-org.colorado.idm.oclc.org/10.1007/3-540-45793-3_36},
}
@incollection {MR2044533,
    AUTHOR = {Geuvers, Herman and Wiedijk, Freek and Zwanenburg, Jan},
     TITLE = {A constructive proof of the fundamental theorem of algebra
              without using the rationals},
 BOOKTITLE = {Types for proofs and programs ({D}urham, 2000)},
    SERIES = {Lecture Notes in Comput. Sci.},
    VOLUME = {2277},
     PAGES = {96--111},
 PUBLISHER = {Springer, Berlin},
      YEAR = {2002},
   MRCLASS = {03F65 (03F60)},
  MRNUMBER = {2044533},
       DOI = {10.1007/3-540-45842-5_7},
       URL = {https://doi-org.colorado.idm.oclc.org/10.1007/3-540-45842-5_7},
}
@incollection {MR2044532,
    AUTHOR = {Geuvers, Herman and Niqui, Milad},
     TITLE = {Constructive reals in {C}oq: axioms and categoricity},
 BOOKTITLE = {Types for proofs and programs ({D}urham, 2000)},
    SERIES = {Lecture Notes in Comput. Sci.},
    VOLUME = {2277},
     PAGES = {79--95},
 PUBLISHER = {Springer, Berlin},
      YEAR = {2002},
   MRCLASS = {03F60 (03B35)},
  MRNUMBER = {2044532},
       DOI = {10.1007/3-540-45842-5_6},
       URL = {https://doi-org.colorado.idm.oclc.org/10.1007/3-540-45842-5_6},
}
@article {MR1946635,
    AUTHOR = {Geuvers, Herman and Pollack, Randy and Wiedijk, Freek and
              Zwanenburg, Jan},
     TITLE = {A constructive algebraic hierarchy in {C}oq},
      NOTE = {Integrated reasoning and algebra systems (Siena, 2001)},
   JOURNAL = {J. Symbolic Comput.},
  FJOURNAL = {Journal of Symbolic Computation},
    VOLUME = {34},
      YEAR = {2002},
    NUMBER = {4},
     PAGES = {271--286},
      ISSN = {0747-7171},
   MRCLASS = {68W30 (03B35 68T15)},
  MRNUMBER = {1946635},
       DOI = {10.1006/jsco.2002.0552},
       URL = {https://doi-org.colorado.idm.oclc.org/10.1006/jsco.2002.0552},
}
@article {MR1870369,
    AUTHOR = {Oostdijk, Martijn and Geuvers, Herman},
     TITLE = {Proof by computation in the {C}oq system},
      NOTE = {Theories of types and proofs (Tokyo, 1997)},
   JOURNAL = {Theoret. Comput. Sci.},
  FJOURNAL = {Theoretical Computer Science},
    VOLUME = {272},
      YEAR = {2002},
    NUMBER = {1-2},
     PAGES = {293--314},
      ISSN = {0304-3975},
   MRCLASS = {03B35 (03F30 68T15 68W30)},
  MRNUMBER = {1870369},
MRREVIEWER = {Neculai Curteanu},
       DOI = {10.1016/S0304-3975(00)00354-6},
       URL = {https://doi-org.colorado.idm.oclc.org/10.1016/S0304-3975(00)00354-6},
}
@incollection {MR1890272,
    AUTHOR = {Geuvers, Herman},
     TITLE = {Induction is not derivable in second order dependent type
              theory},
 BOOKTITLE = {Typed lambda calculi and applications ({K}rak\'{o}w, 2001)},
    SERIES = {Lecture Notes in Comput. Sci.},
    VOLUME = {2044},
     PAGES = {166--181},
 PUBLISHER = {Springer, Berlin},
      YEAR = {2001},
   MRCLASS = {03B40 (03B15 03E25)},
  MRNUMBER = {1890272},
       DOI = {10.1007/3-540-45413-6_16},
       URL = {https://doi-org.colorado.idm.oclc.org/10.1007/3-540-45413-6_16},
}
@incollection {MR1879747,
    AUTHOR = {Geuvers, H. and Wiedijk, F. and Zwanenburg, J.},
     TITLE = {Equational reasoning via partial reflection},
 BOOKTITLE = {Theorem proving in higher order logics ({P}ortland, {OR},
              2000)},
    SERIES = {Lecture Notes in Comput. Sci.},
    VOLUME = {1869},
     PAGES = {162--178},
 PUBLISHER = {Springer, Berlin},
      YEAR = {2000},
   MRCLASS = {68T15 (03B15 03B35)},
  MRNUMBER = {1879747},
       DOI = {10.1007/3-540-44659-1_11},
       URL = {https://doi-org.colorado.idm.oclc.org/10.1007/3-540-44659-1_11},
}
@incollection {MR1849960,
    AUTHOR = {Geuvers, Herman and Poll, Erik and Zwanenburg, Jan},
     TITLE = {Safe proof checking in type theory with {$Y$}},
 BOOKTITLE = {Computer science logic ({M}adrid, 1999)},
    SERIES = {Lecture Notes in Comput. Sci.},
    VOLUME = {1683},
     PAGES = {439--452},
 PUBLISHER = {Springer, Berlin},
      YEAR = {1999},
   MRCLASS = {03B40 (03B15 03B35 68T15)},
  MRNUMBER = {1849960},
       DOI = {10.1007/3-540-48168-0_31},
       URL = {https://doi-org.colorado.idm.oclc.org/10.1007/3-540-48168-0_31},
}
@article {MR1719557,
    AUTHOR = {Geuvers, Herman and Barendsen, Erik},
     TITLE = {Some logical and syntactical observations concerning the
              first-order dependent type system {$\lambda P$}},
      NOTE = {Lambda-calculus and logic},
   JOURNAL = {Math. Structures Comput. Sci.},
  FJOURNAL = {Mathematical Structures in Computer Science. A Journal in the
              Applications of Categorical, Algebraic and Geometric Methods
              in Computer Science},
    VOLUME = {9},
      YEAR = {1999},
    NUMBER = {4},
     PAGES = {335--359},
      ISSN = {0960-1295},
   MRCLASS = {03B40 (68N18)},
  MRNUMBER = {1719557},
       DOI = {10.1017/S0960129599002856},
       URL = {https://doi-org.colorado.idm.oclc.org/10.1017/S0960129599002856},
}
@article {MR1663909,
    AUTHOR = {Bloo, Roel and Geuvers, Herman},
     TITLE = {Explicit substitution. {O}n the edge of strong normalization},
   JOURNAL = {Theoret. Comput. Sci.},
  FJOURNAL = {Theoretical Computer Science},
    VOLUME = {211},
      YEAR = {1999},
    NUMBER = {1-2},
     PAGES = {375--395},
      ISSN = {0304-3975},
   MRCLASS = {68N15 (03B40)},
  MRNUMBER = {1663909},
       DOI = {10.1016/S0304-3975(97)00183-7},
       URL = {https://doi-org.colorado.idm.oclc.org/10.1016/S0304-3975(97)00183-7},
}
@incollection {MR1611497,
    AUTHOR = {Geuvers, Herman},
     TITLE = {Extending models of second order predicate logic to models of
              second order dependent type theory},
 BOOKTITLE = {Computer science logic ({U}trecht, 1996)},
    SERIES = {Lecture Notes in Comput. Sci.},
    VOLUME = {1258},
     PAGES = {167--181},
 PUBLISHER = {Springer, Berlin},
      YEAR = {1997},
   MRCLASS = {03B70 (03B15 03C85)},
  MRNUMBER = {1611497},
       DOI = {10.1007/3-540-63172-0_38},
       URL = {https://doi-org.colorado.idm.oclc.org/10.1007/3-540-63172-0_38},
}
@article {MR1606867,
    AUTHOR = {Barbanera, Franco and Fern\'{a}ndez, Maribel and Geuvers, Herman},
     TITLE = {Modularity of strong normalization in the
              algebraic-{$\lambda$}-cube},
   JOURNAL = {J. Funct. Programming},
  FJOURNAL = {Journal of Functional Programming},
    VOLUME = {7},
      YEAR = {1997},
    NUMBER = {6},
     PAGES = {613--660},
      ISSN = {0956-7968},
   MRCLASS = {03B40 (68N15)},
  MRNUMBER = {1606867},
       DOI = {10.1017/S095679689700289X},
       URL = {https://doi-org.colorado.idm.oclc.org/10.1017/S095679689700289X},
}
@incollection {MR1474543,
    AUTHOR = {Stefanova, M. and Geuvers, H.},
     TITLE = {A simple model construction for the calculus of constructions},
 BOOKTITLE = {Types for proofs and programs ({T}orino, 1995)},
    SERIES = {Lecture Notes in Comput. Sci.},
    VOLUME = {1158},
     PAGES = {249--264},
 PUBLISHER = {Springer, Berlin},
      YEAR = {1996},
   MRCLASS = {03B15 (03B40 03B70 68N15)},
  MRNUMBER = {1474543},
       DOI = {10.1007/3-540-61780-9_74},
       URL = {https://doi-org.colorado.idm.oclc.org/10.1007/3-540-61780-9_74},
}
@incollection {MR1461868,
    AUTHOR = {Barthe, Gilles and Geuvers, Herman},
     TITLE = {Congruence types},
 BOOKTITLE = {Computer science logic ({P}aderborn, 1995)},
    SERIES = {Lecture Notes in Comput. Sci.},
    VOLUME = {1092},
     PAGES = {36--51},
 PUBLISHER = {Springer, Berlin},
      YEAR = {1996},
   MRCLASS = {68Q42 (03B15 03B70)},
  MRNUMBER = {1461868},
       DOI = {10.1007/3-540-61377-3_30},
       URL = {https://doi-org.colorado.idm.oclc.org/10.1007/3-540-61377-3_30},
}
@incollection {MR1422051,
    AUTHOR = {Barthe, Gilles and Geuvers, Herman},
     TITLE = {Modular properties of algebraic type systems},
 BOOKTITLE = {Higher-order algebra, logic, and term rewriting ({P}aderborn,
              1995)},
    SERIES = {Lecture Notes in Comput. Sci.},
    VOLUME = {1074},
     PAGES = {37--56},
 PUBLISHER = {Springer, Berlin},
      YEAR = {1996},
   MRCLASS = {68Q42 (03B40 68Q55)},
  MRNUMBER = {1422051},
       DOI = {10.1007/3-540-61254-8_18},
       URL = {https://doi-org.colorado.idm.oclc.org/10.1007/3-540-61254-8_18},
}
@incollection {MR1456757,
    AUTHOR = {Geuvers, Herman},
     TITLE = {A short and flexible proof of strong normalization for the
              calculus of constructions},
 BOOKTITLE = {Types for proofs and programs ({B}\aa stad, 1994)},
    SERIES = {Lecture Notes in Comput. Sci.},
    VOLUME = {996},
     PAGES = {14--38},
 PUBLISHER = {Springer, Berlin},
      YEAR = {1995},
   MRCLASS = {03B70 (68N15 68Q55)},
  MRNUMBER = {1456757},
       DOI = {10.1007/3-540-60579-7_2},
       URL = {https://doi-org.colorado.idm.oclc.org/10.1007/3-540-60579-7_2},
}
@incollection {MR1371176,
    AUTHOR = {Geuvers, H.},
     TITLE = {The calculus of constructions and higher order logic},
 BOOKTITLE = {The {C}urry-{H}oward isomorphism},
    SERIES = {Cahiers Centre Logique},
    VOLUME = {8},
     PAGES = {139--191},
 PUBLISHER = {Academia, Louvain-la-Neuve},
      YEAR = {1995},
   MRCLASS = {03B15 (03B20 03B40 03B70)},
  MRNUMBER = {1371176},
MRREVIEWER = {R. P. Nederpelt},
}
@incollection {MR1285634,
    AUTHOR = {Geuvers, Herman},
     TITLE = {Conservativity between logics and typed {$\lambda$} calculi},
 BOOKTITLE = {Types for proofs and programs ({N}ijmegen, 1993)},
    SERIES = {Lecture Notes in Comput. Sci.},
    VOLUME = {806},
     PAGES = {79--107},
 PUBLISHER = {Springer, Berlin},
      YEAR = {1994},
   MRCLASS = {03B40 (03B70)},
  MRNUMBER = {1285634},
MRREVIEWER = {Alessandro Berarducci},
       DOI = {10.1007/3-540-58085-9_73},
       URL = {https://doi-org.colorado.idm.oclc.org/10.1007/3-540-58085-9_73},
}
@article {MR1110296,
    AUTHOR = {Geuvers, Herman and Nederhof, Mark-Jan},
     TITLE = {Modular proof of strong normalization for the calculus of
              constructions},
   JOURNAL = {J. Funct. Programming},
  FJOURNAL = {Journal of Functional Programming},
    VOLUME = {1},
      YEAR = {1991},
    NUMBER = {2},
     PAGES = {155--189},
      ISSN = {0956-7968},
   MRCLASS = {03B40 (03B70 68Q55)},
  MRNUMBER = {1110296},
MRREVIEWER = {Philip J. Scott},
}
