@article {MR3148852,
    AUTHOR = {Gonthier, Georges and Ziliani, Beta and Nanevski, Aleksandar
              and Dreyer, Derek},
     TITLE = {How to make ad hoc proof automation less ad hoc},
   JOURNAL = {J. Funct. Programming},
  FJOURNAL = {Journal of Functional Programming},
    VOLUME = {23},
      YEAR = {2013},
    NUMBER = {4},
     PAGES = {357--401},
      ISSN = {0956-7968},
   MRCLASS = {68T15},
  MRNUMBER = {3148852},
       DOI = {10.1017/S0956796813000051},
       URL = {https://doi-org.colorado.idm.oclc.org/10.1017/S0956796813000051},
}
		
@incollection {MR3111271,
    AUTHOR = {Gonthier, Georges and Asperti, Andrea and Avigad, Jeremy and
              et al.},
     TITLE = {A machine-checked proof of the odd order theorem},
 BOOKTITLE = {Interactive theorem proving},
    SERIES = {Lecture Notes in Comput. Sci.},
    VOLUME = {7998},
     PAGES = {163--179},
 PUBLISHER = {Springer, Heidelberg},
      YEAR = {2013},
   MRCLASS = {Expansion},
  MRNUMBER = {3111271},
       DOI = {10.1007/978-3-642-39634-2_14},
       URL = {https://doi-org.colorado.idm.oclc.org/10.1007/978-3-642-39634-2_14},
}
		
@incollection {MR3003529,
    AUTHOR = {Gonthier, Georges and Tassi, Enrico},
     TITLE = {A language of patterns for subterm selection},
 BOOKTITLE = {Interactive theorem proving},
    SERIES = {Lecture Notes in Comput. Sci.},
    VOLUME = {7406},
     PAGES = {361--376},
 PUBLISHER = {Springer, Heidelberg},
      YEAR = {2012},
   MRCLASS = {Expansion},
  MRNUMBER = {3003529},
       DOI = {10.1007/978-3-642-32347-8_25},
       URL = {https://doi-org.colorado.idm.oclc.org/10.1007/978-3-642-32347-8_25},
}
		
@incollection {MR2877873,
    AUTHOR = {Gonthier, Georges},
     TITLE = {Point-free, set-free concrete linear algebra},
 BOOKTITLE = {Interactive theorem proving},
    SERIES = {Lecture Notes in Comput. Sci.},
    VOLUME = {6898},
     PAGES = {103--118},
 PUBLISHER = {Springer, Heidelberg},
      YEAR = {2011},
   MRCLASS = {Expansion},
  MRNUMBER = {2877873},
       DOI = {10.1007/978-3-642-22863-6_10},
       URL = {https://doi-org.colorado.idm.oclc.org/10.1007/978-3-642-22863-6_10},
}
		
@incollection {MR2877865,
    AUTHOR = {Gonthier, Georges},
     TITLE = {Advances in the formalization of the odd order theorem},
 BOOKTITLE = {Interactive theorem proving},
    SERIES = {Lecture Notes in Comput. Sci.},
    VOLUME = {6898},
     PAGES = {2},
 PUBLISHER = {Springer, Heidelberg},
      YEAR = {2011},
   MRCLASS = {Expansion},
  MRNUMBER = {2877865},
       DOI = {10.1007/978-3-642-22863-6_2},
       URL = {https://doi-org.colorado.idm.oclc.org/10.1007/978-3-642-22863-6_2},
}
		
@article {MR2747562,
    AUTHOR = {Gonthier, Georges and Mahboubi, Assia},
     TITLE = {An introduction to small scale reflection in {C}oq},
   JOURNAL = {J. Formaliz. Reason.},
  FJOURNAL = {Journal of Formalized Reasoning},
    VOLUME = {3},
      YEAR = {2010},
    NUMBER = {2},
     PAGES = {95--152},
      ISSN = {1972-5787},
   MRCLASS = {03B35},
  MRNUMBER = {2747562},
}
		
@incollection {MR2550950,
    AUTHOR = {Garillot, Fran\c{c}ois and Gonthier, Georges and Mahboubi, Assia
              and Rideau, Laurence},
     TITLE = {Packaging mathematical structures},
 BOOKTITLE = {Theorem proving in higher order logics},
    SERIES = {Lecture Notes in Comput. Sci.},
    VOLUME = {5674},
     PAGES = {327--342},
 PUBLISHER = {Springer, Berlin},
      YEAR = {2009},
   MRCLASS = {Expansion},
  MRNUMBER = {2550950},
       DOI = {10.1007/978-3-642-03359-9_23},
       URL = {https://doi-org.colorado.idm.oclc.org/10.1007/978-3-642-03359-9_23},
}
		
@incollection {MR2550912,
    AUTHOR = {Bertot, Yves and Gonthier, Georges and Ould Biha, Sidi and
              Pasca, Ioana},
     TITLE = {Canonical big operators},
 BOOKTITLE = {Theorem proving in higher order logics},
    SERIES = {Lecture Notes in Comput. Sci.},
    VOLUME = {5170},
     PAGES = {86--101},
 PUBLISHER = {Springer, Berlin},
      YEAR = {2008},
   MRCLASS = {Expansion},
  MRNUMBER = {2550912},
       DOI = {10.1007/978-3-540-71067-7_11},
       URL = {https://doi-org.colorado.idm.oclc.org/10.1007/978-3-540-71067-7_11},
}
		
@article {MR2463991,
    AUTHOR = {Gonthier, Georges},
     TITLE = {Formal proof---the four-color theorem},
   JOURNAL = {Notices Amer. Math. Soc.},
  FJOURNAL = {Notices of the American Mathematical Society},
    VOLUME = {55},
      YEAR = {2008},
    NUMBER = {11},
     PAGES = {1382--1393},
      ISSN = {0002-9920},
   MRCLASS = {05C15 (68T15)},
  MRNUMBER = {2463991},
MRREVIEWER = {Solomon Marcus},
}
		
@incollection {MR2550880,
    AUTHOR = {Gonthier, Georges and Mahboubi, Assia and Rideau, Laurence and
              Tassi, Enrico and Th\'{e}ry, Laurent},
     TITLE = {A modular formalisation of finite group theory},
 BOOKTITLE = {Theorem proving in higher order logics},
    SERIES = {Lecture Notes in Comput. Sci.},
    VOLUME = {4732},
     PAGES = {86--101},
 PUBLISHER = {Springer, Berlin},
      YEAR = {2007},
   MRCLASS = {Expansion},
  MRNUMBER = {2550880},
       DOI = {10.1007/978-3-540-74591-4_8},
       URL = {https://doi-org.colorado.idm.oclc.org/10.1007/978-3-540-74591-4_8},
}
		
@article {MR2128427,
    AUTHOR = {Fournet, C\'{e}dric and Gonthier, Georges},
     TITLE = {A hierarchy of equivalences for asynchronous calculi},
   JOURNAL = {J. Log. Algebr. Program.},
  FJOURNAL = {The Journal of Logic and Algebraic Programming},
    VOLUME = {63},
      YEAR = {2005},
    NUMBER = {1},
     PAGES = {131--173},
      ISSN = {1567-8326},
   MRCLASS = {68Q85 (68Q55 68Q60)},
  MRNUMBER = {2128427},
MRREVIEWER = {Andrea Maggiolo-Schettini},
       DOI = {10.1016/j.jlap.2004.01.006},
       URL = {https://doi-org.colorado.idm.oclc.org/10.1016/j.jlap.2004.01.006},
}
		
@incollection {MR2147098,
    AUTHOR = {Abadi, Mart\'{i}n and Gonthier, Georges and Werner, Benjamin},
     TITLE = {Choice in dynamic linking},
 BOOKTITLE = {Foundations of software science and computation structures},
    SERIES = {Lecture Notes in Comput. Sci.},
    VOLUME = {2987},
     PAGES = {12--26},
 PUBLISHER = {Springer, Berlin},
      YEAR = {2004},
   MRCLASS = {03B70 (03B15 03B40 68N18)},
  MRNUMBER = {2147098},
       DOI = {10.1007/978-3-540-24727-2_3},
       URL = {https://doi-org.colorado.idm.oclc.org/10.1007/978-3-540-24727-2_3},
}
		
@incollection {MR2080203,
    AUTHOR = {Fournet, C\'{e}dric and Gonthier, Georges},
     TITLE = {The join calculus: a language for distributed mobile
              programming},
 BOOKTITLE = {Applied semantics},
    SERIES = {Lecture Notes in Comput. Sci.},
    VOLUME = {2395},
     PAGES = {268--332},
 PUBLISHER = {Springer, Berlin},
      YEAR = {2002},
   MRCLASS = {68Q85 (68N18 68Q55)},
  MRNUMBER = {2080203},
       DOI = {10.1007/3-540-45699-6_6},
       URL = {https://doi-org.colorado.idm.oclc.org/10.1007/3-540-45699-6_6},
}
		
@article {MR1899121,
    AUTHOR = {Abadi, Mart\'{i}n and Fournet, C\'{e}dric and Gonthier, Georges},
     TITLE = {Secure implementation of channel abstractions},
   JOURNAL = {Inform. and Comput.},
  FJOURNAL = {Information and Computation},
    VOLUME = {174},
      YEAR = {2002},
    NUMBER = {1},
     PAGES = {37--83},
      ISSN = {0890-5401},
   MRCLASS = {68M14},
  MRNUMBER = {1899121},
       DOI = {10.1006/inco.2002.3086},
       URL = {https://doi-org.colorado.idm.oclc.org/10.1006/inco.2002.3086},
}
		
@incollection {MR1776792,
    AUTHOR = {Abadi, Mart\'{i}n and Fournet, C\'{e}dric and Gonthier, Georges},
     TITLE = {A top-down look at a secure message},
 BOOKTITLE = {Foundations of software technology and theoretical computer
              science ({C}hennai, 1999)},
    SERIES = {Lecture Notes in Comput. Sci.},
    VOLUME = {1738},
     PAGES = {122--141},
 PUBLISHER = {Springer, Berlin},
      YEAR = {1999},
   MRCLASS = {94A60 (68P25)},
  MRNUMBER = {1776792},
       DOI = {10.1007/3-540-46691-6_10},
       URL = {https://doi-org.colorado.idm.oclc.org/10.1007/3-540-46691-6_10},
}
		
@incollection {MR1659630,
    AUTHOR = {Abadi, Mart\'{i}n and Fournet, C\'{e}dric and Gonthier, Georges},
     TITLE = {Secure implementation of channel abstractions},
 BOOKTITLE = {Thirteenth {A}nnual {IEEE} {S}ymposium on {L}ogic in
              {C}omputer {S}cience ({I}ndianapolis, {IN}, 1998)},
     PAGES = {105--116},
 PUBLISHER = {IEEE Computer Soc., Los Alamitos, CA},
      YEAR = {1998},
   MRCLASS = {68Q10 (94A60)},
  MRNUMBER = {1659630},
       DOI = {10.1109/LICS.1998.705647},
       URL = {https://doi-org.colorado.idm.oclc.org/10.1109/LICS.1998.705647},
}
		
@incollection {MR1480440,
    AUTHOR = {Fournet, C\'{e}dric and Gonthier, Georges and L\'{e}vy, Jean-Jacques
              and Maranget, Luc and R\'{e}my, Didier},
     TITLE = {A calculus of mobile agents},
 BOOKTITLE = {C{ONCUR} '96: concurrency theory ({P}isa)},
    SERIES = {Lecture Notes in Comput. Sci.},
    VOLUME = {1119},
     PAGES = {406--421},
 PUBLISHER = {Springer, Berlin},
      YEAR = {1996},
   MRCLASS = {68Q10},
  MRNUMBER = {1480440},
       DOI = {10.1007/3-540-61604-7_67},
       URL = {https://doi-org.colorado.idm.oclc.org/10.1007/3-540-61604-7_67},
}
		
@article {MR835424,
    AUTHOR = {Gonthier, Georges},
     TITLE = {Algebraic calculi of processes and net expressions},
   JOURNAL = {Theoret. Comput. Sci.},
  FJOURNAL = {Theoretical Computer Science},
    VOLUME = {40},
      YEAR = {1985},
    NUMBER = {2-3},
     PAGES = {329--337},
      ISSN = {0304-3975},
   MRCLASS = {68Q10},
  MRNUMBER = {835424},
       DOI = {10.1016/0304-3975(85)90176-8},
       URL = {https://doi-org.colorado.idm.oclc.org/10.1016/0304-3975(85)90176-8},
}
		
