@article {MR3659768,
    AUTHOR = {Hales, Thomas and Adams, Mark and Bauer, Gertrud and Dang, Tat
              Dat and Harrison, John and Le Truong Hoang and Kaliszyk,
              Cezary and Magron, Victor and McLaughlin, Sean and Nguyen, Tat
              Thang and Nguyen, Quang Truong and Nipkow, Tobias and Obua,
              Steven and Pleso, Joseph and Rute, Jason and Solovyev, Alexey
              and Ta, Thi Hoai An and Tran, Nam Trung and Trieu, Thi Diep
              and Urban, Josef and Vu, Ky and Zumkeller, Roland},
     TITLE = {A formal proof of the {K}epler conjecture},
   JOURNAL = {Forum Math. Pi},
  FJOURNAL = {Forum of Mathematics. Pi},
    VOLUME = {5},
      YEAR = {2017},
     PAGES = {e2, 29},
      ISSN = {2050-5086},
   MRCLASS = {52C17},
  MRNUMBER = {3659768},
       DOI = {10.1017/fmp.2017.1},
       URL = {https://doi-org.colorado.idm.oclc.org/10.1017/fmp.2017.1},
}
@article {MR3462882,
    AUTHOR = {Gordon, Julia and Hales, Thomas},
     TITLE = {Endoscopic transfer of orbital integrals in large residual
              characteristic},
   JOURNAL = {Amer. J. Math.},
  FJOURNAL = {American Journal of Mathematics},
    VOLUME = {138},
      YEAR = {2016},
    NUMBER = {1},
     PAGES = {109--148},
      ISSN = {0002-9327},
   MRCLASS = {22E57 (14E18)},
  MRNUMBER = {3462882},
MRREVIEWER = {Julien Sebag},
       DOI = {10.1353/ajm.2016.0005},
       URL = {https://doi-org.colorado.idm.oclc.org/10.1353/ajm.2016.0005},
}
@article {MR3363597,
    AUTHOR = {Hales, Thomas C.},
     TITLE = {Developments in formal proofs},
   JOURNAL = {Ast\'{e}risque},
  FJOURNAL = {Ast\'{e}risque},
    NUMBER = {367-368},
      YEAR = {2015},
     PAGES = {Exp. No. 1086, x, 387--410},
      ISSN = {0303-1179},
      ISBN = {978-2-85629-804-6},
   MRCLASS = {03B35 (03A99 68T15)},
  MRNUMBER = {3363597},
MRREVIEWER = {Reinhard Kahle},
}
@incollection {MR3497663,
    AUTHOR = {Hales, Thomas C.},
     TITLE = {Mathematics in the age of the {T}uring machine},
 BOOKTITLE = {Turing's legacy: developments from {T}uring's ideas in logic},
    SERIES = {Lect. Notes Log.},
    VOLUME = {42},
     PAGES = {253--298},
 PUBLISHER = {Assoc. Symbol. Logic, La Jolla, CA},
      YEAR = {2014},
   MRCLASS = {03-03 (01A70 03B35 68-03 68T15)},
  MRNUMBER = {3497663},
MRREVIEWER = {Sohei Ito},
}
@article {MR3156686,
    AUTHOR = {Hales, Thomas C.},
     TITLE = {The {NSA} back door to {NIST}},
   JOURNAL = {Notices Amer. Math. Soc.},
  FJOURNAL = {Notices of the American Mathematical Society},
    VOLUME = {61},
      YEAR = {2014},
    NUMBER = {2},
     PAGES = {190--192},
      ISSN = {0002-9920},
   MRCLASS = {94A60 (11J71)},
  MRNUMBER = {3156686},
       DOI = {10.1090/noti1078},
       URL = {https://doi-org.colorado.idm.oclc.org/10.1090/noti1078},
}
@incollection {MR3156780,
    AUTHOR = {Hales, Thomas C.},
     TITLE = {The strong dodecahedral conjecture and {F}ejes {T}\'{o}th's
              conjecture on sphere packings with kissing number twelve},
 BOOKTITLE = {Discrete geometry and optimization},
    SERIES = {Fields Inst. Commun.},
    VOLUME = {69},
     PAGES = {121--132},
 PUBLISHER = {Springer, New York},
      YEAR = {2013},
   MRCLASS = {52C17},
  MRNUMBER = {3156780},
MRREVIEWER = {Ferenc Fodor},
       DOI = {10.1007/978-3-319-00200-2_8},
       URL = {https://doi-org.colorado.idm.oclc.org/10.1007/978-3-319-00200-2_8},
}
@article {MR3051198,
    AUTHOR = {Hales, Thomas C.},
     TITLE = {The fundamental lemma and the {H}itchin fibration [after {N}g\^{o}
              {B}ao {C}h\^{a}u]},
      NOTE = {S\'{e}minaire Bourbaki: Vol. 2010/2011. Expos\'{e}s 1027--1042},
   JOURNAL = {Ast\'{e}risque},
  FJOURNAL = {Ast\'{e}risque},
    NUMBER = {348},
      YEAR = {2012},
     PAGES = {Exp. No. 1035, ix, 233--263},
      ISSN = {0303-1179},
      ISBN = {978-2-85629-351-5},
   MRCLASS = {11F72 (22E35)},
  MRNUMBER = {3051198},
MRREVIEWER = {Lei Yang},
}
@book {MR3012355,
    AUTHOR = {Hales, Thomas C.},
     TITLE = {Dense sphere packings},
    SERIES = {London Mathematical Society Lecture Note Series},
    VOLUME = {400},
      NOTE = {A blueprint for formal proofs},
 PUBLISHER = {Cambridge University Press, Cambridge},
      YEAR = {2012},
     PAGES = {xiv+271},
      ISBN = {978-0-521-61770-3},
   MRCLASS = {52C17 (03B35 68T15)},
  MRNUMBER = {3012355},
MRREVIEWER = {J. C. Lagarias},
       DOI = {10.1017/CBO9781139193894},
       URL = {https://doi-org.colorado.idm.oclc.org/10.1017/CBO9781139193894},
}
@book {MR3075372,
    AUTHOR = {Hales, Thomas and Ferguson, Samuel},
     TITLE = {The {K}epler conjecture},
      NOTE = {The Hales-Ferguson proof,
              Including papers reprinted from Discrete Comput. Geom.
              {{\bf{3}}6} (2006), no. 1,
              Edited by Jeffrey C. Lagarias},
 PUBLISHER = {Springer, New York},
      YEAR = {2011},
     PAGES = {xiv+456},
      ISBN = {978-1-4614-1128-4; 978-1-4614-1129-1},
   MRCLASS = {52-02 (11H31 52C17)},
  MRNUMBER = {3075372},
}
@article {MR2919755,
    AUTHOR = {Hales, Thomas C.},
     TITLE = {On the {R}einhardt conjecture},
   JOURNAL = {Vietnam J. Math.},
  FJOURNAL = {Vietnam Journal of Mathematics},
    VOLUME = {39},
      YEAR = {2011},
    NUMBER = {3},
     PAGES = {287--307},
      ISSN = {0866-7179},
   MRCLASS = {52C17 (49K99 52A20)},
  MRNUMBER = {2919755},
}
@incollection {MR2856374,
    AUTHOR = {Cluckers, Raf and Hales, Thomas and Loeser, Fran\c{c}ois},
     TITLE = {Transfer principle for the fundamental lemma},
 BOOKTITLE = {On the stabilization of the trace formula},
    SERIES = {Stab. Trace Formula Shimura Var. Arith. Appl.},
    VOLUME = {1},
     PAGES = {309--347},
 PUBLISHER = {Int. Press, Somerville, MA},
      YEAR = {2011},
   MRCLASS = {22E35 (14E18)},
  MRNUMBER = {2856374},
}
@article {MR2789125,
    AUTHOR = {Hales, Thomas C. and Weiss, Benjamin and Werner, Wendelin and
              Ambrosio, Luigi},
     TITLE = {The mathematical work of the 2010 {F}ields medalists},
   JOURNAL = {Notices Amer. Math. Soc.},
  FJOURNAL = {Notices of the American Mathematical Society},
    VOLUME = {58},
      YEAR = {2011},
    NUMBER = {3},
     PAGES = {453--458},
      ISSN = {0002-9920},
   MRCLASS = {01A70 (00A05)},
  MRNUMBER = {2789125},
}
@article {MR2639816,
    AUTHOR = {Hales, Thomas C. and Harrison, John and McLaughlin, Sean and
              Nipkow, Tobias and Obua, Steven and Zumkeller, Roland},
     TITLE = {A revision of the proof of the {K}epler conjecture},
   JOURNAL = {Discrete Comput. Geom.},
  FJOURNAL = {Discrete \& Computational Geometry. An International Journal
              of Mathematics and Computer Science},
    VOLUME = {44},
      YEAR = {2010},
    NUMBER = {1},
     PAGES = {1--34},
      ISSN = {0179-5376},
   MRCLASS = {52C17 (03B35 05B40 90C05)},
  MRNUMBER = {2639816},
MRREVIEWER = {Uwe Schnell},
       DOI = {10.1007/s00454-009-9148-4},
       URL = {https://doi-org.colorado.idm.oclc.org/10.1007/s00454-009-9148-4},
}
@article {MR2601036,
    AUTHOR = {Hales, Thomas C. and McLaughlin, Sean},
     TITLE = {The dodecahedral conjecture},
   JOURNAL = {J. Amer. Math. Soc.},
  FJOURNAL = {Journal of the American Mathematical Society},
    VOLUME = {23},
      YEAR = {2010},
    NUMBER = {2},
     PAGES = {299--344},
      ISSN = {0894-0347},
   MRCLASS = {52C17},
  MRNUMBER = {2601036},
MRREVIEWER = {Peter M. Gruber},
       DOI = {10.1090/S0894-0347-09-00647-X},
       URL = {https://doi-org.colorado.idm.oclc.org/10.1090/S0894-0347-09-00647-X},
}
@article {MR2463990,
    AUTHOR = {Hales, Thomas C.},
     TITLE = {Formal proof},
   JOURNAL = {Notices Amer. Math. Soc.},
  FJOURNAL = {Notices of the American Mathematical Society},
    VOLUME = {55},
      YEAR = {2008},
    NUMBER = {11},
     PAGES = {1370--1380},
      ISSN = {0002-9920},
   MRCLASS = {03B35 (68T15)},
  MRNUMBER = {2463990},
MRREVIEWER = {Jean-Fran\c{c}ois Dufourd},
}
@article {MR2363054,
    AUTHOR = {Hales, Thomas C.},
     TITLE = {The {J}ordan curve theorem, formally and informally},
   JOURNAL = {Amer. Math. Monthly},
  FJOURNAL = {American Mathematical Monthly},
    VOLUME = {114},
      YEAR = {2007},
    NUMBER = {10},
     PAGES = {882--894},
      ISSN = {0002-9890},
   MRCLASS = {03B35 (54D05 54D10 68T15)},
  MRNUMBER = {2363054},
MRREVIEWER = {Jean-Fran\c{c}ois Dufourd},
       DOI = {10.1080/00029890.2007.11920481},
       URL = {https://doi-org.colorado.idm.oclc.org/10.1080/00029890.2007.11920481},
}
@article {MR2229662,
    AUTHOR = {Hales, Thomas C.},
     TITLE = {Sphere packings. {VI}. {T}ame graphs and linear programs},
   JOURNAL = {Discrete Comput. Geom.},
  FJOURNAL = {Discrete \& Computational Geometry. An International Journal
              of Mathematics and Computer Science},
    VOLUME = {36},
      YEAR = {2006},
    NUMBER = {1},
     PAGES = {205--265},
      ISSN = {0179-5376},
   MRCLASS = {52C17 (05B40 90C08)},
  MRNUMBER = {2229662},
MRREVIEWER = {Uwe Schnell},
       DOI = {10.1007/s00454-005-1215-x},
       URL = {https://doi-org.colorado.idm.oclc.org/10.1007/s00454-005-1215-x},
}
@article {MR2229660,
    AUTHOR = {Hales, Thomas C.},
     TITLE = {Sphere packings. {IV}. {D}etailed bounds},
   JOURNAL = {Discrete Comput. Geom.},
  FJOURNAL = {Discrete \& Computational Geometry. An International Journal
              of Mathematics and Computer Science},
    VOLUME = {36},
      YEAR = {2006},
    NUMBER = {1},
     PAGES = {111--166},
      ISSN = {0179-5376},
   MRCLASS = {52C17 (05B40)},
  MRNUMBER = {2229660},
MRREVIEWER = {Uwe Schnell},
       DOI = {10.1007/s00454-005-1213-z},
       URL = {https://doi-org.colorado.idm.oclc.org/10.1007/s00454-005-1213-z},
}
@article {MR2229659,
    AUTHOR = {Hales, Thomas C.},
     TITLE = {Sphere packings. {III}. {E}xtremal cases},
   JOURNAL = {Discrete Comput. Geom.},
  FJOURNAL = {Discrete \& Computational Geometry. An International Journal
              of Mathematics and Computer Science},
    VOLUME = {36},
      YEAR = {2006},
    NUMBER = {1},
     PAGES = {71--110},
      ISSN = {0179-5376},
   MRCLASS = {52C17 (05B40)},
  MRNUMBER = {2229659},
MRREVIEWER = {Uwe Schnell},
       DOI = {10.1007/s00454-005-1212-0},
       URL = {https://doi-org.colorado.idm.oclc.org/10.1007/s00454-005-1212-0},
}
@article {MR2229658,
    AUTHOR = {Hales, Thomas C. and Ferguson, Samuel P.},
     TITLE = {A formulation of the {K}epler conjecture},
   JOURNAL = {Discrete Comput. Geom.},
  FJOURNAL = {Discrete \& Computational Geometry. An International Journal
              of Mathematics and Computer Science},
    VOLUME = {36},
      YEAR = {2006},
    NUMBER = {1},
     PAGES = {21--69},
      ISSN = {0179-5376},
   MRCLASS = {52C17 (05B40)},
  MRNUMBER = {2229658},
MRREVIEWER = {Uwe Schnell},
       DOI = {10.1007/s00454-005-1211-1},
       URL = {https://doi-org.colorado.idm.oclc.org/10.1007/s00454-005-1211-1},
}
@article {MR2229657,
    AUTHOR = {Hales, Thomas C.},
     TITLE = {Historical overview of the {K}epler conjecture},
   JOURNAL = {Discrete Comput. Geom.},
  FJOURNAL = {Discrete \& Computational Geometry. An International Journal
              of Mathematics and Computer Science},
    VOLUME = {36},
      YEAR = {2006},
    NUMBER = {1},
     PAGES = {5--20},
      ISSN = {0179-5376},
   MRCLASS = {52C17 (05B40)},
  MRNUMBER = {2229657},
MRREVIEWER = {Uwe Schnell},
       DOI = {10.1007/s00454-005-1210-2},
       URL = {https://doi-org.colorado.idm.oclc.org/10.1007/s00454-005-1210-2},
}
@incollection {MR2192018,
    AUTHOR = {Hales, Thomas C.},
     TITLE = {A statement of the fundamental lemma},
 BOOKTITLE = {Harmonic analysis, the trace formula, and {S}himura varieties},
    SERIES = {Clay Math. Proc.},
    VOLUME = {4},
     PAGES = {643--658},
 PUBLISHER = {Amer. Math. Soc., Providence, RI},
      YEAR = {2005},
   MRCLASS = {22E50 (11F70 22E55)},
  MRNUMBER = {2192018},
MRREVIEWER = {Ernst-Wilhelm Zink},
}
@article {MR2179728,
    AUTHOR = {Hales, Thomas C.},
     TITLE = {A proof of the {K}epler conjecture},
   JOURNAL = {Ann. of Math. (2)},
  FJOURNAL = {Annals of Mathematics. Second Series},
    VOLUME = {162},
      YEAR = {2005},
    NUMBER = {3},
     PAGES = {1065--1185},
      ISSN = {0003-486X},
   MRCLASS = {52C17},
  MRNUMBER = {2179728},
MRREVIEWER = {G\'{e}za T\'{o}th},
       DOI = {10.4007/annals.2005.162.1065},
       URL = {https://doi-org.colorado.idm.oclc.org/10.4007/annals.2005.162.1065},
}
@article {MR2133307,
    AUTHOR = {Hales, Thomas C.},
     TITLE = {What is motivic measure?},
   JOURNAL = {Bull. Amer. Math. Soc. (N.S.)},
  FJOURNAL = {American Mathematical Society. Bulletin. New Series},
    VOLUME = {42},
      YEAR = {2005},
    NUMBER = {2},
     PAGES = {119--135},
      ISSN = {0273-0979},
   MRCLASS = {14G20 (03C10 14A20 14F43)},
  MRNUMBER = {2133307},
MRREVIEWER = {Julia Gordon},
       DOI = {10.1090/S0273-0979-05-01053-0},
       URL = {https://doi-org.colorado.idm.oclc.org/10.1090/S0273-0979-05-01053-0},
}
@article {MR2111953,
    AUTHOR = {Hales, Thomas C.},
     TITLE = {Orbital integrals are motivic},
   JOURNAL = {Proc. Amer. Math. Soc.},
  FJOURNAL = {Proceedings of the American Mathematical Society},
    VOLUME = {133},
      YEAR = {2005},
    NUMBER = {5},
     PAGES = {1515--1525},
      ISSN = {0002-9939},
   MRCLASS = {22E40},
  MRNUMBER = {2111953},
MRREVIEWER = {Julien Sebag},
       DOI = {10.1090/S0002-9939-04-07740-8},
       URL = {https://doi-org.colorado.idm.oclc.org/10.1090/S0002-9939-04-07740-8},
}
@article {MR2084489,
    AUTHOR = {Cunningham, Clifton and Hales, Thomas C.},
     TITLE = {Good orbital integrals},
   JOURNAL = {Represent. Theory},
  FJOURNAL = {Representation Theory. An Electronic Journal of the American
              Mathematical Society},
    VOLUME = {8},
      YEAR = {2004},
     PAGES = {414--457},
      ISSN = {1088-4165},
   MRCLASS = {22E50 (14F42)},
  MRNUMBER = {2084489},
MRREVIEWER = {Julien Sebag},
       DOI = {10.1090/S1088-4165-04-00220-1},
       URL = {https://doi-org.colorado.idm.oclc.org/10.1090/S1088-4165-04-00220-1},
}
@incollection {MR2058612,
    AUTHOR = {Hales, Thomas C.},
     TITLE = {Can {$p$}-adic integrals be computed?},
 BOOKTITLE = {Contributions to automorphic forms, geometry, and number
              theory},
     PAGES = {313--329},
 PUBLISHER = {Johns Hopkins Univ. Press, Baltimore, MD},
      YEAR = {2004},
   MRCLASS = {11S85 (03C10 14G20)},
  MRNUMBER = {2058612},
MRREVIEWER = {Julien Sebag},
}
@incollection {MR2038488,
    AUTHOR = {Hales, Thomas C.},
     TITLE = {Some algorithms arising in the proof of the {K}epler
              conjecture},
 BOOKTITLE = {Discrete and computational geometry},
    SERIES = {Algorithms Combin.},
    VOLUME = {25},
     PAGES = {489--507},
 PUBLISHER = {Springer, Berlin},
      YEAR = {2003},
   MRCLASS = {52C17 (90C27)},
  MRNUMBER = {2038488},
MRREVIEWER = {Achill Sch\"{u}rmann},
       DOI = {10.1007/978-3-642-55566-4_22},
       URL = {https://doi-org.colorado.idm.oclc.org/10.1007/978-3-642-55566-4_22},
}
@article {MR1973368,
    AUTHOR = {Gordon, Julia and Hales, Thomas C.},
     TITLE = {Virtual transfer factors},
   JOURNAL = {Represent. Theory},
  FJOURNAL = {Representation Theory. An Electronic Journal of the American
              Mathematical Society},
    VOLUME = {7},
      YEAR = {2003},
     PAGES = {81--100},
      ISSN = {1088-4165},
   MRCLASS = {11F85 (03C98 11F70 22E50)},
  MRNUMBER = {1973368},
MRREVIEWER = {Volker J. Heiermann},
       DOI = {10.1090/S1088-4165-03-00183-3},
       URL = {https://doi-org.colorado.idm.oclc.org/10.1090/S1088-4165-03-00183-3},
}
@inproceedings {MR1957580,
    AUTHOR = {Hales, Thomas C.},
     TITLE = {A computer verification of the {K}epler conjecture},
 BOOKTITLE = {Proceedings of the {I}nternational {C}ongress of
              {M}athematicians, {V}ol. {III} ({B}eijing, 2002)},
     PAGES = {795--804},
 PUBLISHER = {Higher Ed. Press, Beijing},
      YEAR = {2002},
   MRCLASS = {52C17},
  MRNUMBER = {1957580},
}
@article {MR1797293,
    AUTHOR = {Hales, T. C.},
     TITLE = {The honeycomb conjecture},
   JOURNAL = {Discrete Comput. Geom.},
  FJOURNAL = {Discrete \& Computational Geometry. An International Journal
              of Mathematics and Computer Science},
    VOLUME = {25},
      YEAR = {2001},
    NUMBER = {1},
     PAGES = {1--22},
      ISSN = {0179-5376},
   MRCLASS = {52C20 (51M16)},
  MRNUMBER = {1797293},
MRREVIEWER = {W. Kuperberg},
       DOI = {10.1007/s004540010071},
       URL = {https://doi-org.colorado.idm.oclc.org/10.1007/s004540010071},
}
@article {MR1795618,
    AUTHOR = {Hales, T. C. and Sarnak, P. and Pugh, M. C.},
     TITLE = {Advances in random matrix theory, zeta functions, and sphere
              packing},
   JOURNAL = {Proc. Natl. Acad. Sci. USA},
  FJOURNAL = {Proceedings of the National Academy of Sciences of the United
              States of America},
    VOLUME = {97},
      YEAR = {2000},
    NUMBER = {24},
     PAGES = {12963--12964},
      ISSN = {1091-6490},
   MRCLASS = {11H31 (11M26 52C17)},
  MRNUMBER = {1795618},
       DOI = {10.1073/pnas.220396097},
       URL = {https://doi-org.colorado.idm.oclc.org/10.1073/pnas.220396097},
}
@article {MR1745624,
    AUTHOR = {Hales, Thomas C.},
     TITLE = {Cannonballs and honeycombs},
   JOURNAL = {Notices Amer. Math. Soc.},
  FJOURNAL = {Notices of the American Mathematical Society},
    VOLUME = {47},
      YEAR = {2000},
    NUMBER = {4},
     PAGES = {440--449},
      ISSN = {0002-9920},
   MRCLASS = {52C17 (52C20 52C22)},
  MRNUMBER = {1745624},
MRREVIEWER = {R. Blind},
}
@article {MR1455511,
    AUTHOR = {Hales, T. C.},
     TITLE = {Sphere packings. {II}},
   JOURNAL = {Discrete Comput. Geom.},
  FJOURNAL = {Discrete \& Computational Geometry. An International Journal
              of Mathematics and Computer Science},
    VOLUME = {18},
      YEAR = {1997},
    NUMBER = {2},
     PAGES = {135--149},
      ISSN = {0179-5376},
   MRCLASS = {52C17},
  MRNUMBER = {1455511},
MRREVIEWER = {Uwe Schnell},
       DOI = {10.1007/PL00009312},
       URL = {https://doi-org.colorado.idm.oclc.org/10.1007/PL00009312},
}
@article {MR1418278,
    AUTHOR = {Hales, T. C.},
     TITLE = {Sphere packings. {I}},
   JOURNAL = {Discrete Comput. Geom.},
  FJOURNAL = {Discrete \& Computational Geometry. An International Journal
              of Mathematics and Computer Science},
    VOLUME = {17},
      YEAR = {1997},
    NUMBER = {1},
     PAGES = {1--51},
      ISSN = {0179-5376},
   MRCLASS = {52C17},
  MRNUMBER = {1418278},
MRREVIEWER = {Uwe Schnell},
       DOI = {10.1007/BF02770863},
       URL = {https://doi-org.colorado.idm.oclc.org/10.1007/BF02770863},
}
@article {MR1346977,
    AUTHOR = {Hales, Thomas C.},
     TITLE = {The fundamental lemma for {${\rm Sp}(4)$}},
   JOURNAL = {Proc. Amer. Math. Soc.},
  FJOURNAL = {Proceedings of the American Mathematical Society},
    VOLUME = {125},
      YEAR = {1997},
    NUMBER = {1},
     PAGES = {301--308},
      ISSN = {0002-9939},
   MRCLASS = {22E50 (20G25 22E35)},
  MRNUMBER = {1346977},
MRREVIEWER = {David Manderscheid},
       DOI = {10.1090/S0002-9939-97-03546-6},
       URL = {https://doi-org.colorado.idm.oclc.org/10.1090/S0002-9939-97-03546-6},
}
@article {MR1350645,
    AUTHOR = {Hales, Thomas C.},
     TITLE = {On the fundamental lemma for standard endoscopy: reduction to
              unit elements},
   JOURNAL = {Canad. J. Math.},
  FJOURNAL = {Canadian Journal of Mathematics. Journal Canadien de
              Math\'{e}matiques},
    VOLUME = {47},
      YEAR = {1995},
    NUMBER = {5},
     PAGES = {974--994},
      ISSN = {0008-414X},
   MRCLASS = {22E50 (20C05 22E35)},
  MRNUMBER = {1350645},
MRREVIEWER = {Mark Reeder},
       DOI = {10.4153/CJM-1995-051-5},
       URL = {https://doi-org.colorado.idm.oclc.org/10.4153/CJM-1995-051-5},
}
@incollection {MR1303604,
    AUTHOR = {Hales, Thomas C.},
     TITLE = {Hyperelliptic curves and harmonic analysis (why harmonic
              analysis on reductive {$p$}-adic groups is not elementary)},
 BOOKTITLE = {Representation theory and analysis on homogeneous spaces
              ({N}ew {B}runswick, {NJ}, 1993)},
    SERIES = {Contemp. Math.},
    VOLUME = {177},
     PAGES = {137--169},
 PUBLISHER = {Amer. Math. Soc., Providence, RI},
      YEAR = {1994},
   MRCLASS = {22E50 (11G20 14H52 22E35)},
  MRNUMBER = {1303604},
       DOI = {10.1090/conm/177/01921},
       URL = {https://doi-org.colorado.idm.oclc.org/10.1090/conm/177/01921},
}
@article {MR1302326,
    AUTHOR = {Hales, Thomas C.},
     TITLE = {The twisted endoscopy of {${\rm GL}(4)$} and {${\rm GL}(5)$}:
              transfer of {S}halika germs},
   JOURNAL = {Duke Math. J.},
  FJOURNAL = {Duke Mathematical Journal},
    VOLUME = {76},
      YEAR = {1994},
    NUMBER = {2},
     PAGES = {595--632},
      ISSN = {0012-7094},
   MRCLASS = {22E50 (11F70 11G20)},
  MRNUMBER = {1302326},
MRREVIEWER = {Rebecca Herb},
       DOI = {10.1215/S0012-7094-94-07621-7},
       URL = {https://doi-org.colorado.idm.oclc.org/10.1215/S0012-7094-94-07621-7},
}
@article {MR1281754,
    AUTHOR = {Hales, Thomas C.},
     TITLE = {The status of the {K}epler conjecture},
   JOURNAL = {Math. Intelligencer},
  FJOURNAL = {The Mathematical Intelligencer},
    VOLUME = {16},
      YEAR = {1994},
    NUMBER = {3},
     PAGES = {47--58},
      ISSN = {0343-6993},
   MRCLASS = {52C17},
  MRNUMBER = {1281754},
MRREVIEWER = {G\'{a}bor Fejes T\'{o}th},
       DOI = {10.1007/BF03024356},
       URL = {https://doi-org.colorado.idm.oclc.org/10.1007/BF03024356},
}
@article {MR1254737,
    AUTHOR = {Hales, Thomas C.},
     TITLE = {Unipotent representations and unipotent classes in {${\rm
              SL}(n)$}},
   JOURNAL = {Amer. J. Math.},
  FJOURNAL = {American Journal of Mathematics},
    VOLUME = {115},
      YEAR = {1993},
    NUMBER = {6},
     PAGES = {1347--1383},
      ISSN = {0002-9327},
   MRCLASS = {22E50},
  MRNUMBER = {1254737},
MRREVIEWER = {D. Mili\v{c}i\'{c}},
       DOI = {10.2307/2374969},
       URL = {https://doi-org.colorado.idm.oclc.org/10.2307/2374969},
}
@article {MR1237041,
    AUTHOR = {Hales, Thomas C.},
     TITLE = {Remarks on the density of sphere packings in three dimensions},
   JOURNAL = {Combinatorica},
  FJOURNAL = {Combinatorica. An International Journal on Combinatorics and
              the Theory of Computing},
    VOLUME = {13},
      YEAR = {1993},
    NUMBER = {2},
     PAGES = {181--197},
      ISSN = {0209-9683},
   MRCLASS = {52C17},
  MRNUMBER = {1237041},
MRREVIEWER = {A. Florian},
       DOI = {10.1007/BF01303203},
       URL = {https://doi-org.colorado.idm.oclc.org/10.1007/BF01303203},
}
@incollection {MR1216184,
    AUTHOR = {Hales, Thomas C.},
     TITLE = {A simple definition of transfer factors for unramified groups},
 BOOKTITLE = {Representation theory of groups and algebras},
    SERIES = {Contemp. Math.},
    VOLUME = {145},
     PAGES = {109--134},
 PUBLISHER = {Amer. Math. Soc., Providence, RI},
      YEAR = {1993},
   MRCLASS = {22E35 (11S31)},
  MRNUMBER = {1216184},
MRREVIEWER = {Ion D. Teodorescu},
       DOI = {10.1090/conm/145/1216184},
       URL = {https://doi-org.colorado.idm.oclc.org/10.1090/conm/145/1216184},
}
@article {MR1199253,
    AUTHOR = {Hales, Thomas C.},
     TITLE = {The sphere packing problem},
   JOURNAL = {J. Comput. Appl. Math.},
  FJOURNAL = {Journal of Computational and Applied Mathematics},
    VOLUME = {44},
      YEAR = {1992},
    NUMBER = {1},
     PAGES = {41--76},
      ISSN = {0377-0427},
   MRCLASS = {52C17},
  MRNUMBER = {1199253},
MRREVIEWER = {W. J. Firey},
       DOI = {10.1016/0377-0427(92)90052-Y},
       URL = {https://doi-org.colorado.idm.oclc.org/10.1016/0377-0427(92)90052-Y},
}
@incollection {MR1155231,
    AUTHOR = {Hales, Thomas C.},
     TITLE = {Orbital integrals on {${\rm U}(3)$}},
 BOOKTITLE = {The zeta functions of {P}icard modular surfaces},
     PAGES = {303--333},
 PUBLISHER = {Univ. Montr\'{e}al, Montreal, QC},
      YEAR = {1992},
   MRCLASS = {22E50 (11F85)},
  MRNUMBER = {1155231},
MRREVIEWER = {Marko Tadi\'{c}},
}
@article {MR1124110,
    AUTHOR = {Hales, Thomas C.},
     TITLE = {The subregular germ of orbital integrals},
   JOURNAL = {Mem. Amer. Math. Soc.},
  FJOURNAL = {Memoirs of the American Mathematical Society},
    VOLUME = {99},
      YEAR = {1992},
    NUMBER = {476},
     PAGES = {xii+142},
      ISSN = {0065-9266},
   MRCLASS = {22E35 (20G25 22E50)},
  MRNUMBER = {1124110},
MRREVIEWER = {David Joyner},
       DOI = {10.1090/memo/0476},
       URL = {https://doi-org.colorado.idm.oclc.org/10.1090/memo/0476},
}
@article {MR1021504,
    AUTHOR = {Hales, Thomas C.},
     TITLE = {Shalika germs on {$G{\rm Sp}(4)$}},
      NOTE = {Orbites unipotentes et repr\'{e}sentations, II},
   JOURNAL = {Ast\'{e}risque},
  FJOURNAL = {Ast\'{e}risque},
    NUMBER = {171-172},
      YEAR = {1989},
     PAGES = {195--256},
      ISSN = {0303-1179},
   MRCLASS = {22E50 (11F70)},
  MRNUMBER = {1021504},
MRREVIEWER = {David Manderscheid},
}
@book {MR2635123,
    AUTHOR = {Hales, Thomas Callister},
     TITLE = {T{HE} {SUBREGULAR} {GERM} {OF} {ORBITAL} {INTEGRALS}},
      NOTE = {Thesis (Ph.D.)--Princeton University},
 PUBLISHER = {ProQuest LLC, Ann Arbor, MI},
      YEAR = {1986},
     PAGES = {241},
   MRCLASS = {Thesis},
  MRNUMBER = {2635123},
       URL =
              {http://gateway.proquest.com.colorado.idm.oclc.org/openurl?url_ver=Z39.88-2004&rft_val_fmt=info:ofi/fmt:kev:mtx:dissertation&res_dat=xri:pqdiss&rft_dat=xri:pqdiss:8624303},
}
