@incollection {MR3855849,
    AUTHOR = {Alcolei, Aurore and Clairambault, Pierre and Hyland, Martin
              and Winskel, Glynn},
     TITLE = {The true concurrency of {H}erbrand's theorem},
 BOOKTITLE = {Computer science logic 2018},
    SERIES = {LIPIcs. Leibniz Int. Proc. Inform.},
    VOLUME = {119},
     PAGES = {Art. No. 5, 22},
 PUBLISHER = {Schloss Dagstuhl. Leibniz-Zent. Inform., Wadern},
      YEAR = {2018},
   MRCLASS = {68Q85 (03F03 68Q55)},
  MRNUMBER = {3855849},
}
		
@article {MR3816516,
    AUTHOR = {Fiore, M. and Gambino, N. and Hyland, M. and Winskel, G.},
     TITLE = {Relative pseudomonads, {K}leisli bicategories, and
              substitution monoidal structures},
   JOURNAL = {Selecta Math. (N.S.)},
  FJOURNAL = {Selecta Mathematica. New Series},
    VOLUME = {24},
      YEAR = {2018},
    NUMBER = {3},
     PAGES = {2791--2830},
      ISSN = {1022-1824},
   MRCLASS = {18D05 (18C20 18D50)},
  MRNUMBER = {3816516},
       DOI = {10.1007/s00029-017-0361-3},
       URL = {https://doi-org.colorado.idm.oclc.org/10.1007/s00029-017-0361-3},
}
		
@article {MR3733560,
    AUTHOR = {Hyland, Martin and L\'{o}pez Franco, Ignacio and Vasilakopoulou,
              Christina},
     TITLE = {Hopf measuring comonoids and enrichment},
   JOURNAL = {Proc. Lond. Math. Soc. (3)},
  FJOURNAL = {Proceedings of the London Mathematical Society. Third Series},
    VOLUME = {115},
      YEAR = {2017},
    NUMBER = {5},
     PAGES = {1118--1148},
      ISSN = {0024-6115},
   MRCLASS = {16T15 (16T05 18D10 18D20)},
  MRNUMBER = {3733560},
MRREVIEWER = {Ram\'{o}n Gonz\'{a}lez Rodr\'{i}guez},
       DOI = {10.1112/plms.12064},
       URL = {https://doi-org.colorado.idm.oclc.org/10.1112/plms.12064},
}
		
@article {MR3641623,
    AUTHOR = {Hyland, J. M. E.},
     TITLE = {Classical lambda calculus in modern dress},
   JOURNAL = {Math. Structures Comput. Sci.},
  FJOURNAL = {Mathematical Structures in Computer Science. A Journal in the
              Applications of Categorical, Algebraic and Geometric Methods
              in Computer Science},
    VOLUME = {27},
      YEAR = {2017},
    NUMBER = {5},
     PAGES = {762--781},
      ISSN = {0960-1295},
   MRCLASS = {03B40 (03G30)},
  MRNUMBER = {3641623},
MRREVIEWER = {Klaus-Dieter Schewe},
       DOI = {10.1017/S0960129515000377},
       URL = {https://doi-org.colorado.idm.oclc.org/10.1017/S0960129515000377},
}
		
@article {MR3575069,
    AUTHOR = {Hyland, Martin and McCusker, Guy and Tzevelekos, Nikos},
     TITLE = {Foreword for special issue of {APAL} for {G}a{L}o{P} 2013},
      NOTE = {Held in London, 2013},
   JOURNAL = {Ann. Pure Appl. Logic},
  FJOURNAL = {Annals of Pure and Applied Logic},
    VOLUME = {168},
      YEAR = {2017},
    NUMBER = {2},
     PAGES = {233},
      ISSN = {0168-0072},
   MRCLASS = {68-06 (03-06)},
  MRNUMBER = {3575069},
       DOI = {10.1016/j.apal.2016.10.004},
       URL = {https://doi-org.colorado.idm.oclc.org/10.1016/j.apal.2016.10.004},
}
		
@incollection {MR3644956,
    AUTHOR = {Hyland, J. M. E.},
     TITLE = {The forgotten {T}uring},
 BOOKTITLE = {The once and future {T}uring},
     PAGES = {20--33},
 PUBLISHER = {Cambridge Univ. Press, Cambridge},
      YEAR = {2016},
   MRCLASS = {01A70 (03-03 03B15)},
  MRNUMBER = {3644956},
}
		
@article {MR3233450,
    AUTHOR = {Hyland, J. M. E.},
     TITLE = {Elements of a theory of algebraic theories},
   JOURNAL = {Theoret. Comput. Sci.},
  FJOURNAL = {Theoretical Computer Science},
    VOLUME = {546},
      YEAR = {2014},
     PAGES = {132--144},
      ISSN = {0304-3975},
   MRCLASS = {18C20 (68Q55 68Q85)},
  MRNUMBER = {3233450},
MRREVIEWER = {Anna Labella},
       DOI = {10.1016/j.tcs.2014.03.005},
       URL = {https://doi-org.colorado.idm.oclc.org/10.1016/j.tcs.2014.03.005},
}
		
@inproceedings {MR3213203,
    AUTHOR = {Hyland, Martin},
     TITLE = {Towards a notion of lambda monoid},
 BOOKTITLE = {Proceedings of the {W}orkshop on {A}lgebra, {C}oalgebra and
              {T}opology ({WACT} 2013)},
    SERIES = {Electron. Notes Theor. Comput. Sci.},
    VOLUME = {303},
     PAGES = {59--77},
 PUBLISHER = {Elsevier Sci. B. V., Amsterdam},
      YEAR = {2014},
   MRCLASS = {03B40},
  MRNUMBER = {3213203},
       DOI = {10.1016/j.entcs.2014.02.004},
       URL = {https://doi-org.colorado.idm.oclc.org/10.1016/j.entcs.2014.02.004},
}
		
@article {MR3210072,
    AUTHOR = {Cooper, S. Barry and Dawar, Anuj and Hyland, Martin and L\"{o}we,
              Benedikt},
     TITLE = {Turing centenary conference: how the world computes
              [{E}ditorial]},
      NOTE = {Held in Cambridge, June 18--23, 2012},
   JOURNAL = {Ann. Pure Appl. Logic},
  FJOURNAL = {Annals of Pure and Applied Logic},
    VOLUME = {165},
      YEAR = {2014},
    NUMBER = {9},
     PAGES = {1353--1354},
      ISSN = {0168-0072},
   MRCLASS = {03-06 (68-06)},
  MRNUMBER = {3210072},
       DOI = {10.1016/j.apal.2014.04.007},
       URL = {https://doi-org.colorado.idm.oclc.org/10.1016/j.apal.2014.04.007},
}
		
@article {MR2889549,
    AUTHOR = {Ferreira, Fernando and Hyland, Martin and L\"{o}we, Benedikt and
              Mayordomo, Elvira},
     TITLE = {Computability in {E}urope 2010},
      NOTE = {Held at the Universidade dos A\c{c}ores, Ponta Delgada, June
              30--July 4, 2010},
   JOURNAL = {Ann. Pure Appl. Logic},
  FJOURNAL = {Annals of Pure and Applied Logic},
    VOLUME = {163},
      YEAR = {2012},
    NUMBER = {6},
     PAGES = {621--622},
      ISSN = {0168-0072},
   MRCLASS = {03-03},
  MRNUMBER = {2889549},
       DOI = {10.1016/j.apal.2011.10.005},
       URL = {https://doi-org.colorado.idm.oclc.org/10.1016/j.apal.2011.10.005},
}
		
@article {MR2772599,
    AUTHOR = {Hyland, Martin and Janelidze, George and Johnson, Michael and
              Johnstone, Peter and Lack, Stephen and Street, Ross and
              Tholen, Walter and Wood, Richard},
     TITLE = {Foreword [{S}pecial issue: {D}edicated to the memory of
              {P}rofessor {G}regory {M}axwell {K}elly]},
   JOURNAL = {Appl. Categ. Structures},
  FJOURNAL = {Applied Categorical Structures. A Journal Devoted to
              Applications of Categorical Methods in Algebra, Analysis,
              Order, Topology and Computer Science},
    VOLUME = {19},
      YEAR = {2011},
    NUMBER = {1},
     PAGES = {1--7},
      ISSN = {0927-2852},
   MRCLASS = {01A70},
  MRNUMBER = {2772599},
       DOI = {10.1007/s10485-010-9235-y},
       URL = {https://doi-org.colorado.idm.oclc.org/10.1007/s10485-010-9235-y},
}
		
@article {MR2607096,
    AUTHOR = {Hyland, Martin},
     TITLE = {Some reasons for generalising domain theory},
   JOURNAL = {Math. Structures Comput. Sci.},
  FJOURNAL = {Mathematical Structures in Computer Science. A Journal in the
              Applications of Categorical, Algebraic and Geometric Methods
              in Computer Science},
    VOLUME = {20},
      YEAR = {2010},
    NUMBER = {2},
     PAGES = {239--265},
      ISSN = {0960-1295},
   MRCLASS = {68Q55 (06B35)},
  MRNUMBER = {2607096},
MRREVIEWER = {R\u{a}zvan Diaconescu},
       DOI = {10.1017/S0960129509990375},
       URL = {https://doi-org.colorado.idm.oclc.org/10.1017/S0960129509990375},
}
		
@article {MR2389925,
    AUTHOR = {Fiore, M. and Gambino, N. and Hyland, M. and Winskel, G.},
     TITLE = {The {C}artesian closed bicategory of generalised species of
              structures},
   JOURNAL = {J. Lond. Math. Soc. (2)},
  FJOURNAL = {Journal of the London Mathematical Society. Second Series},
    VOLUME = {77},
      YEAR = {2008},
    NUMBER = {1},
     PAGES = {203--220},
      ISSN = {0024-6107},
   MRCLASS = {18D05 (03F52 18D15 18D50)},
  MRNUMBER = {2389925},
MRREVIEWER = {R. H. Street},
       DOI = {10.1112/jlms/jdm096},
       URL = {https://doi-org.colorado.idm.oclc.org/10.1112/jlms/jdm096},
}
		
@incollection {MR2328298,
    AUTHOR = {Hyland, Martin and Power, John},
     TITLE = {The category theoretic understanding of universal algebra:
              {L}awvere theories and monads},
 BOOKTITLE = {Computation, meaning, and logic: articles dedicated to
              {G}ordon {P}lotkin},
    SERIES = {Electron. Notes Theor. Comput. Sci.},
    VOLUME = {172},
     PAGES = {437--458},
 PUBLISHER = {Elsevier Sci. B. V., Amsterdam},
      YEAR = {2007},
   MRCLASS = {08C05 (18B99)},
  MRNUMBER = {2328298},
       DOI = {10.1016/j.entcs.2007.02.019},
       URL = {https://doi-org.colorado.idm.oclc.org/10.1016/j.entcs.2007.02.019},
}
		
@article {MR2317318,
    AUTHOR = {Hyland, Martin and Levy, Paul Blain and Plotkin, Gordon and
              Power, John},
     TITLE = {Combining algebraic effects with continuations},
   JOURNAL = {Theoret. Comput. Sci.},
  FJOURNAL = {Theoretical Computer Science},
    VOLUME = {375},
      YEAR = {2007},
    NUMBER = {1-3},
     PAGES = {20--40},
      ISSN = {0304-3975},
   MRCLASS = {68N15 (68Q55)},
  MRNUMBER = {2317318},
       DOI = {10.1016/j.tcs.2006.12.026},
       URL = {https://doi-org.colorado.idm.oclc.org/10.1016/j.tcs.2006.12.026},
}
		
@article {MR2268025,
    AUTHOR = {Bellin, Gianluigi and Hyland, Martin and Robinson, Edmund and
              Urban, Christian},
     TITLE = {Categorical proof theory of classical propositional calculus},
   JOURNAL = {Theoret. Comput. Sci.},
  FJOURNAL = {Theoretical Computer Science},
    VOLUME = {364},
      YEAR = {2006},
    NUMBER = {2},
     PAGES = {146--165},
      ISSN = {0304-3975},
   MRCLASS = {03F07 (03B05)},
  MRNUMBER = {2268025},
       DOI = {10.1016/j.tcs.2006.08.002},
       URL = {https://doi-org.colorado.idm.oclc.org/10.1016/j.tcs.2006.08.002},
}
		
@article {MR2267741,
    AUTHOR = {Hyland, Martin and Power, John},
     TITLE = {Discrete {L}awvere theories and computational effects},
   JOURNAL = {Theoret. Comput. Sci.},
  FJOURNAL = {Theoretical Computer Science},
    VOLUME = {366},
      YEAR = {2006},
    NUMBER = {1-2},
     PAGES = {144--162},
      ISSN = {0304-3975},
   MRCLASS = {18D20 (03B70 68Q55)},
  MRNUMBER = {2267741},
MRREVIEWER = {Robert S. Lubarsky},
       DOI = {10.1016/j.tcs.2006.07.007},
       URL = {https://doi-org.colorado.idm.oclc.org/10.1016/j.tcs.2006.07.007},
}
		
@article {MR2242758,
    AUTHOR = {Hyland, Martin and Plotkin, Gordon and Power, John},
     TITLE = {Combining effects: sum and tensor},
   JOURNAL = {Theoret. Comput. Sci.},
  FJOURNAL = {Theoretical Computer Science},
    VOLUME = {357},
      YEAR = {2006},
    NUMBER = {1-3},
     PAGES = {70--99},
      ISSN = {0304-3975},
   MRCLASS = {68Q55 (18C10 18C50 68Q05)},
  MRNUMBER = {2242758},
MRREVIEWER = {Anna Labella},
       DOI = {10.1016/j.tcs.2006.03.013},
       URL = {https://doi-org.colorado.idm.oclc.org/10.1016/j.tcs.2006.03.013},
}
		
@incollection {MR2151336,
    AUTHOR = {Gambino, Nicola and Hyland, Martin},
     TITLE = {Wellfounded trees and dependent polynomial functors},
 BOOKTITLE = {Types for proofs and programs},
    SERIES = {Lecture Notes in Comput. Sci.},
    VOLUME = {3085},
     PAGES = {210--225},
 PUBLISHER = {Springer, Berlin},
      YEAR = {2004},
   MRCLASS = {03B15 (03B40 18A15 18D15)},
  MRNUMBER = {2151336},
       DOI = {10.1007/978-3-540-24849-1_14},
       URL = {https://doi-org.colorado.idm.oclc.org/10.1007/978-3-540-24849-1_14},
}
		
@incollection {MR2141711,
    AUTHOR = {Hyland, Martin},
     TITLE = {Abstract interpretation of proofs: classical propositional
              calculus},
 BOOKTITLE = {Computer science logic},
    SERIES = {Lecture Notes in Comput. Sci.},
    VOLUME = {3210},
     PAGES = {6--21},
 PUBLISHER = {Springer, Berlin},
      YEAR = {2004},
   MRCLASS = {03F07 (03B05 18C50)},
  MRNUMBER = {2141711},
       DOI = {10.1007/978-3-540-30124-0_2},
       URL = {https://doi-org.colorado.idm.oclc.org/10.1007/978-3-540-30124-0_2},
}
		
@article {MR2053028,
    AUTHOR = {Benton, Nick and Hyland, Martin},
     TITLE = {Traced premonoidal categories},
      NOTE = {Fixed points in computer science (FICS'02)},
   JOURNAL = {Theor. Inform. Appl.},
  FJOURNAL = {Theoretical Informatics and Applications. Informatique
              Th\'{e}orique et Applications},
    VOLUME = {37},
      YEAR = {2003},
    NUMBER = {4},
     PAGES = {273--299},
      ISSN = {0988-3754},
   MRCLASS = {68N18 (03B70 03G30 18D10)},
  MRNUMBER = {2053028},
MRREVIEWER = {Anna Labella},
       DOI = {10.1051/ita:2003020},
       URL = {https://doi-org.colorado.idm.oclc.org/10.1051/ita:2003020},
}
		
@article {MR1964781,
    AUTHOR = {Hyland, Martin and Schalk, Andrea},
     TITLE = {Glueing and orthogonality for models of linear logic},
      NOTE = {Category theory and computer science},
   JOURNAL = {Theoret. Comput. Sci.},
  FJOURNAL = {Theoretical Computer Science},
    VOLUME = {294},
      YEAR = {2003},
    NUMBER = {1-2},
     PAGES = {183--231},
      ISSN = {0304-3975},
   MRCLASS = {03F52 (18C50)},
  MRNUMBER = {1964781},
MRREVIEWER = {Richard F. Blute},
       DOI = {10.1016/S0304-3975(01)00241-9},
       URL = {https://doi-org.colorado.idm.oclc.org/10.1016/S0304-3975(01)00241-9},
}
		
@incollection {MR2048066,
    AUTHOR = {Faggian, Claudia and Hyland, Martin},
     TITLE = {Designs, disputes and strategies},
 BOOKTITLE = {Computer science logic},
    SERIES = {Lecture Notes in Comput. Sci.},
    VOLUME = {2471},
     PAGES = {442--457},
 PUBLISHER = {Springer, Berlin},
      YEAR = {2002},
   MRCLASS = {03F52},
  MRNUMBER = {2048066},
       DOI = {10.1007/3-540-45793-3_30},
       URL = {https://doi-org.colorado.idm.oclc.org/10.1007/3-540-45793-3_30},
}
		
@article {MR1935977,
    AUTHOR = {Hyland, Martin and Power, John},
     TITLE = {Pseudo-commutative monads and pseudo-closed 2-categories},
      NOTE = {Special volume celebrating the 70th birthday of Professor Max
              Kelly},
   JOURNAL = {J. Pure Appl. Algebra},
  FJOURNAL = {Journal of Pure and Applied Algebra},
    VOLUME = {175},
      YEAR = {2002},
    NUMBER = {1-3},
     PAGES = {141--185},
      ISSN = {0022-4049},
   MRCLASS = {18D05 (18C15 18D15)},
  MRNUMBER = {1935977},
MRREVIEWER = {Graham J. Ellis},
       DOI = {10.1016/S0022-4049(02)00133-0},
       URL = {https://doi-org.colorado.idm.oclc.org/10.1016/S0022-4049(02)00133-0},
}
		
@article {MR1909029,
    AUTHOR = {Hyland, J. M. E.},
     TITLE = {Variations on realizability: realizing the propositional axiom
              of choice},
      NOTE = {Realizability (Trento, 1999)},
   JOURNAL = {Math. Structures Comput. Sci.},
  FJOURNAL = {Mathematical Structures in Computer Science. A Journal in the
              Applications of Categorical, Algebraic and Geometric Methods
              in Computer Science},
    VOLUME = {12},
      YEAR = {2002},
    NUMBER = {3},
     PAGES = {295--317},
      ISSN = {0960-1295},
   MRCLASS = {03F50 (03G30)},
  MRNUMBER = {1909029},
       DOI = {10.1017/S0960129502003651},
       URL = {https://doi-org.colorado.idm.oclc.org/10.1017/S0960129502003651},
}
		
@article {MR1879408,
    AUTHOR = {Hyland, J. M. E.},
     TITLE = {Proof theory in the abstract},
      NOTE = {Commemorative Symposium Dedicated to Anne S. Troelstra
              (Noordwijkerhout, 1999)},
   JOURNAL = {Ann. Pure Appl. Logic},
  FJOURNAL = {Annals of Pure and Applied Logic},
    VOLUME = {114},
      YEAR = {2002},
    NUMBER = {1-3},
     PAGES = {43--78},
      ISSN = {0168-0072},
   MRCLASS = {03F07 (03F10 03F52)},
  MRNUMBER = {1879408},
       DOI = {10.1016/S0168-0072(01)00075-6},
       URL = {https://doi-org.colorado.idm.oclc.org/10.1016/S0168-0072(01)00075-6},
}
		
@article {MR1808886,
    AUTHOR = {Hyland, J. M. E. and Ong, C.-H. L.},
     TITLE = {On full abstraction for {PCF}: {I}, {II} and {III}},
   JOURNAL = {Inform. and Comput.},
  FJOURNAL = {Information and Computation},
    VOLUME = {163},
      YEAR = {2000},
    NUMBER = {2},
     PAGES = {285--408},
      ISSN = {0890-5401},
   MRCLASS = {68N18 (03B15 03D20 18D20 68Q05 91A05 91A40 91A80)},
  MRNUMBER = {1808886},
MRREVIEWER = {Roberto Giacobazzi},
       DOI = {10.1006/inco.2000.2917},
       URL = {https://doi-org.colorado.idm.oclc.org/10.1006/inco.2000.2917},
}
		
@incollection {MR1782787,
    AUTHOR = {Hyland, Martin and Schalk, Andrea},
     TITLE = {Abstract games for linear logic (extended abstract)},
 BOOKTITLE = {C{TCS} '99: {C}onference on {C}ategory {T}heory and {C}omputer
              {S}cience ({E}dinburgh)},
    SERIES = {Electron. Notes Theor. Comput. Sci.},
    VOLUME = {29},
     PAGES = {Paper No. 29013, 24},
 PUBLISHER = {Elsevier Sci. B. V., Amsterdam},
      YEAR = {1999},
   MRCLASS = {03F52 (68N15)},
  MRNUMBER = {1782787},
}
		
@incollection {MR1629523,
    AUTHOR = {Hyland, Martin},
     TITLE = {Game semantics},
 BOOKTITLE = {Semantics and logics of computation ({C}ambridge, 1995)},
    SERIES = {Publ. Newton Inst.},
    VOLUME = {14},
     PAGES = {131--184},
 PUBLISHER = {Cambridge Univ. Press, Cambridge},
      YEAR = {1997},
   MRCLASS = {68Q55 (03B70 68N15)},
  MRNUMBER = {1629523},
       DOI = {10.1017/CBO9780511526619.005},
       URL = {https://doi-org.colorado.idm.oclc.org/10.1017/CBO9780511526619.005},
}
		
@incollection {MR1463717,
    AUTHOR = {Hyland, J. M. E. and Moggi, E.},
     TITLE = {The {$S$}-replete construction},
 BOOKTITLE = {Category theory and computer science ({C}ambridge, 1995)},
    SERIES = {Lecture Notes in Comput. Sci.},
    VOLUME = {953},
     PAGES = {96--116},
 PUBLISHER = {Springer, Berlin},
      YEAR = {1995},
   MRCLASS = {03G30 (18D15 68Q55)},
  MRNUMBER = {1463717},
MRREVIEWER = {Ioan Tofan},
       DOI = {10.1007/3-540-60164-3_22},
       URL = {https://doi-org.colorado.idm.oclc.org/10.1007/3-540-60164-3_22},
}
		
@article {MR1253832,
    AUTHOR = {Hyland, Martin and de Paiva, Valeria},
     TITLE = {Full intuitionistic linear logic (extended abstract)},
   JOURNAL = {Ann. Pure Appl. Logic},
  FJOURNAL = {Annals of Pure and Applied Logic},
    VOLUME = {64},
      YEAR = {1993},
    NUMBER = {3},
     PAGES = {273--291},
      ISSN = {0168-0072},
   MRCLASS = {03F50 (03F55)},
  MRNUMBER = {1253832},
       DOI = {10.1016/0168-0072(93)90146-5},
       URL = {https://doi-org.colorado.idm.oclc.org/10.1016/0168-0072(93)90146-5},
}
		
@incollection {MR1252882,
    AUTHOR = {Benton, Nick and Bierman, Gavin and de Paiva, Valeria and
              Hyland, Martin},
     TITLE = {Linear {$\lambda$}-calculus and categorical models revisited},
 BOOKTITLE = {Computer science logic ({S}an {M}iniato, 1992)},
    SERIES = {Lecture Notes in Comput. Sci.},
    VOLUME = {702},
     PAGES = {61--84},
 PUBLISHER = {Springer, Berlin},
      YEAR = {1993},
   MRCLASS = {03B40 (03B70)},
  MRNUMBER = {1252882},
       DOI = {10.1007/3-540-56992-8_6},
       URL = {https://doi-org.colorado.idm.oclc.org/10.1007/3-540-56992-8_6},
}
		
@incollection {MR1233148,
    AUTHOR = {Hyland, J. M. E. and Ong, C.-H. L.},
     TITLE = {Modified realizability toposes and strong normalization proofs
              (extended abstract)},
 BOOKTITLE = {Typed lambda calculi and applications ({U}trecht, 1993)},
    SERIES = {Lecture Notes in Comput. Sci.},
    VOLUME = {664},
     PAGES = {179--194},
 PUBLISHER = {Springer, Berlin},
      YEAR = {1993},
   MRCLASS = {03B40 (03B70 03F05 03F55 03G30 68Q55)},
  MRNUMBER = {1233148},
       DOI = {10.1007/BFb0037106},
       URL = {https://doi-org.colorado.idm.oclc.org/10.1007/BFb0037106},
}
		
@incollection {MR1233141,
    AUTHOR = {Benton, Nick and Bierman, Gavin and de Paiva, Valeria and
              Hyland, Martin},
     TITLE = {A term calculus for intuitionistic linear logic},
 BOOKTITLE = {Typed lambda calculi and applications ({U}trecht, 1993)},
    SERIES = {Lecture Notes in Comput. Sci.},
    VOLUME = {664},
     PAGES = {75--90},
 PUBLISHER = {Springer, Berlin},
      YEAR = {1993},
   MRCLASS = {03F55 (03B70 03F50 68Q55)},
  MRNUMBER = {1233141},
       DOI = {10.1007/BFb0037099},
       URL = {https://doi-org.colorado.idm.oclc.org/10.1007/BFb0037099},
}
		
@incollection {MR1173009,
    AUTHOR = {Hyland, J. M. E.},
     TITLE = {First steps in synthetic domain theory},
 BOOKTITLE = {Category theory ({C}omo, 1990)},
    SERIES = {Lecture Notes in Math.},
    VOLUME = {1488},
     PAGES = {131--156},
 PUBLISHER = {Springer, Berlin},
      YEAR = {1991},
   MRCLASS = {68Q55 (03D75 18B99)},
  MRNUMBER = {1173009},
MRREVIEWER = {Wesley Phoa},
       DOI = {10.1007/BFb0084217},
       URL = {https://doi-org.colorado.idm.oclc.org/10.1007/BFb0084217},
}
		
@incollection {MR1147226,
    AUTHOR = {Hyland, J. M. E.},
     TITLE = {Computing and foundations},
 BOOKTITLE = {The mathematical revolution inspired by computing ({B}righton,
              1989)},
    SERIES = {Inst. Math. Appl. Conf. Ser. New Ser.},
    VOLUME = {30},
     PAGES = {269--284},
 PUBLISHER = {Oxford Univ. Press, New York},
      YEAR = {1991},
   MRCLASS = {03B70 (03G30 68Q55)},
  MRNUMBER = {1147226},
}
		
@incollection {MR1076404,
    AUTHOR = {Hyland, J. M. E. and Robinson, E. P. and Rosolini, G.},
     TITLE = {Algebraic types in {PER} models},
 BOOKTITLE = {Mathematical foundations of programming semantics ({N}ew
              {O}rleans, {LA}, 1989)},
    SERIES = {Lecture Notes in Comput. Sci.},
    VOLUME = {442},
     PAGES = {333--350},
 PUBLISHER = {Springer, Berlin},
      YEAR = {1990},
   MRCLASS = {68Q65 (03B40 03B70 18B20 68Q55)},
  MRNUMBER = {1076404},
       DOI = {10.1007/BFb0040266},
       URL = {https://doi-org.colorado.idm.oclc.org/10.1007/BFb0040266},
}
		
@article {MR1026769,
    AUTHOR = {Kendall, D. G. and Batchelor, G. K. and Bingham, N. H. and
              Hayman, W. K. and Hyland, J. M. E. and Lorentz, G. G. and
              Moffatt, H. K. and Parry, W. and Razborov, A. A. and Robinson,
              C. A. and Whittle, P.},
     TITLE = {Obituary: {A}ndre\u{\i} {N}ikolaevich {K}olmogorov (1903--1987)},
   JOURNAL = {Bull. London Math. Soc.},
  FJOURNAL = {The Bulletin of the London Mathematical Society},
    VOLUME = {22},
      YEAR = {1990},
    NUMBER = {1},
     PAGES = {31--100},
      ISSN = {0024-6093},
   MRCLASS = {01A70 (01A60)},
  MRNUMBER = {1026769},
       DOI = {10.1112/blms/22.1.31},
       URL = {https://doi-org.colorado.idm.oclc.org/10.1112/blms/22.1.31},
}
		
@article {MR1023803,
    AUTHOR = {Hyland, J. M. E. and Robinson, E. P. and Rosolini, G.},
     TITLE = {The discrete objects in the effective topos},
   JOURNAL = {Proc. London Math. Soc. (3)},
  FJOURNAL = {Proceedings of the London Mathematical Society. Third Series},
    VOLUME = {60},
      YEAR = {1990},
    NUMBER = {1},
     PAGES = {1--36},
      ISSN = {0024-6115},
   MRCLASS = {18B25 (03G30 18B30 18D30)},
  MRNUMBER = {1023803},
MRREVIEWER = {Ieke Moerdijk},
       DOI = {10.1112/plms/s3-60.1.1},
       URL = {https://doi-org.colorado.idm.oclc.org/10.1112/plms/s3-60.1.1},
}
		
@incollection {MR1003199,
    AUTHOR = {Hyland, J. Martin E. and Pitts, Andrew M.},
     TITLE = {The theory of constructions: categorical semantics and
              topos-theoretic models},
 BOOKTITLE = {Categories in computer science and logic ({B}oulder, {CO},
              1987)},
    SERIES = {Contemp. Math.},
    VOLUME = {92},
     PAGES = {137--199},
 PUBLISHER = {Amer. Math. Soc., Providence, RI},
      YEAR = {1989},
   MRCLASS = {03C90 (03B15 18B25 68Q55)},
  MRNUMBER = {1003199},
       DOI = {10.1090/conm/092/1003199},
       URL = {https://doi-org.colorado.idm.oclc.org/10.1090/conm/092/1003199},
}
		
@article {MR972520,
    AUTHOR = {Hyland, J. M. E.},
     TITLE = {A small complete category},
   JOURNAL = {Ann. Pure Appl. Logic},
  FJOURNAL = {Annals of Pure and Applied Logic},
    VOLUME = {40},
      YEAR = {1988},
    NUMBER = {2},
     PAGES = {135--165},
      ISSN = {0168-0072},
   MRCLASS = {18B99 (03G30)},
  MRNUMBER = {972520},
MRREVIEWER = {Ieke Moerdijk},
       DOI = {10.1016/0168-0072(88)90018-8},
       URL = {https://doi-org.colorado.idm.oclc.org/10.1016/0168-0072(88)90018-8},
}
		
@incollection {MR717245,
    AUTHOR = {Hyland, J. M. E.},
     TITLE = {The effective topos},
 BOOKTITLE = {The {L}.{E}.{J}. {B}rouwer {C}entenary {S}ymposium
              ({N}oordwijkerhout, 1981)},
    SERIES = {Stud. Logic Foundations Math.},
    VOLUME = {110},
     PAGES = {165--216},
 PUBLISHER = {North-Holland, Amsterdam-New York},
      YEAR = {1982},
   MRCLASS = {03G30},
  MRNUMBER = {717245},
MRREVIEWER = {J. L. Bell},
}
		
@incollection {MR682409,
    AUTHOR = {Hyland, J. M. E.},
     TITLE = {Applications of constructivity},
 BOOKTITLE = {Logic, methodology and philosophy of science, {VI}
              ({H}annover, 1979)},
    SERIES = {Stud. Logic Found. Math.},
    VOLUME = {104},
     PAGES = {145--152},
 PUBLISHER = {North-Holland, Amsterdam},
      YEAR = {1982},
   MRCLASS = {03F50},
  MRNUMBER = {682409},
MRREVIEWER = {B. H. Mayoh},
       DOI = {10.1016/S0049-237X(09)70188-0},
       URL = {https://doi-org.colorado.idm.oclc.org/10.1016/S0049-237X(09)70188-0},
}
		
@article {MR578267,
    AUTHOR = {Hyland, J. M. E. and Johnstone, P. T. and Pitts, A. M.},
     TITLE = {Tripos theory},
   JOURNAL = {Math. Proc. Cambridge Philos. Soc.},
  FJOURNAL = {Mathematical Proceedings of the Cambridge Philosophical
              Society},
    VOLUME = {88},
      YEAR = {1980},
    NUMBER = {2},
     PAGES = {205--231},
      ISSN = {0305-0041},
   MRCLASS = {03G30 (18B25)},
  MRNUMBER = {578267},
MRREVIEWER = {Anna Labella},
       DOI = {10.1017/S0305004100057534},
       URL = {https://doi-org.colorado.idm.oclc.org/10.1017/S0305004100057534},
}
		
@incollection {MR555554,
    AUTHOR = {Hyland, J. M. E.},
     TITLE = {Continuity in spatial toposes},
 BOOKTITLE = {Applications of sheaves ({P}roc. {R}es. {S}ympos. {A}ppl.
              {S}heaf {T}heory to {L}ogic, {A}lgebra and {A}nal., {U}niv.
              {D}urham, {D}urham, 1977)},
    SERIES = {Lecture Notes in Math.},
    VOLUME = {753},
     PAGES = {442--465},
 PUBLISHER = {Springer, Berlin-New York},
      YEAR = {1979},
   MRCLASS = {18B25 (54B30)},
  MRNUMBER = {555554},
MRREVIEWER = {Andrej \v{S}\v{c}edrov},
}
		
@incollection {MR555550,
    AUTHOR = {Fourman, M. P. and Hyland, J. M. E.},
     TITLE = {Sheaf models for analysis},
 BOOKTITLE = {Applications of sheaves ({P}roc. {R}es. {S}ympos. {A}ppl.
              {S}heaf {T}heory to {L}ogic, {A}lgebra and {A}nal., {U}niv.
              {D}urham, {D}urham, 1977)},
    SERIES = {Lecture Notes in Math.},
    VOLUME = {753},
     PAGES = {280--301},
 PUBLISHER = {Springer, Berlin},
      YEAR = {1979},
   MRCLASS = {03C90 (03F55 03G10)},
  MRNUMBER = {555550},
MRREVIEWER = {Dirk van Dalen},
}
		
@article {MR537206,
    AUTHOR = {Hyland, J. M. E.},
     TITLE = {Filter spaces and continuous functionals},
   JOURNAL = {Ann. Math. Logic},
  FJOURNAL = {Annals of Mathematical Logic},
    VOLUME = {16},
      YEAR = {1979},
    NUMBER = {2},
     PAGES = {101--143},
      ISSN = {0003-4843},
   MRCLASS = {03D65 (03F99 18B30)},
  MRNUMBER = {537206},
MRREVIEWER = {S. S. Wainer},
       DOI = {10.1016/0003-4843(79)90006-8},
       URL = {https://doi-org.colorado.idm.oclc.org/10.1016/0003-4843(79)90006-8},
}
		
@incollection {MR516934,
    AUTHOR = {Hyland, J. M. E.},
     TITLE = {The intrinsic recursion theory on the countable or continuous
              functionals},
 BOOKTITLE = {Generalized recursion theory, {II} ({P}roc. {S}econd
              {S}ympos., {U}niv. {O}slo, {O}slo, 1977)},
    SERIES = {Stud. Logic Foundations Math.},
    VOLUME = {94},
     PAGES = {135--145},
 PUBLISHER = {North-Holland, Amsterdam-New York},
      YEAR = {1978},
   MRCLASS = {03D65 (03D70)},
  MRNUMBER = {516934},
MRREVIEWER = {Barry E. Jacobs},
}
		
@article {MR0491095,
    AUTHOR = {Gandy, R. O. and Hyland, J. M. E.},
     TITLE = {Computable and recursively countable functions of higher type},
 BOOKTITLE = {Logic {C}olloquium 76 ({O}xford, 1976)},
     PAGES = {407--438. Studies in Logic and Found. Math., Vol. 87},
 PUBLISHER = {North-Holland, Amsterdam},
      YEAR = {1977},
   MRCLASS = {02F29},
  MRNUMBER = {0491095},
MRREVIEWER = {E. Z. Dyment},
}
		
@article {MR0485258,
    AUTHOR = {Hyland, J. M. E.},
     TITLE = {Aspects of constructivity in mathematics},
 BOOKTITLE = {Logic {C}olloquium 76 ({O}xford, 1976)},
     PAGES = {439--454. Studies in Logic and Found. Math., Vol. 87},
 PUBLISHER = {North-Holland, Amsterdam},
      YEAR = {1977},
   MRCLASS = {02E15},
  MRNUMBER = {0485258},
MRREVIEWER = {V. Ja. Kreinovic},
}
		
@article {MR0469715,
    AUTHOR = {Hyland, J. M. E.},
     TITLE = {A survey of some useful partial order relations on terms of
              the lambda calculus},
 BOOKTITLE = {{$\lambda $}-calculus and computer science theory ({P}roc.
              {S}ympos., {R}ome, 1975)},
     PAGES = {83--95. Lecture Notes in Comput. Sci., Vol. 37},
 PUBLISHER = {Springer, Berlin},
      YEAR = {1975},
   MRCLASS = {02C20},
  MRNUMBER = {0469715},
MRREVIEWER = {Henk Barendregt},
}
		
@article {MR0396232,
    AUTHOR = {Hyland, Martin},
     TITLE = {A syntactic characterization of the equality in some models
              for the lambda calculus},
   JOURNAL = {J. London Math. Soc. (2)},
  FJOURNAL = {Journal of the London Mathematical Society. Second Series},
    VOLUME = {12},
      YEAR = {1975/76},
    NUMBER = {3},
     PAGES = {361--370},
      ISSN = {0024-6107},
   MRCLASS = {02C20},
  MRNUMBER = {0396232},
MRREVIEWER = {Henk Barendregt},
       DOI = {10.1112/jlms/s2-12.3.361},
       URL = {https://doi-org.colorado.idm.oclc.org/10.1112/jlms/s2-12.3.361},
}