@incollection {MR3863452,
    AUTHOR = {Jacobs, Bart and Levy, Paul and Rot, Jurriaan},
     TITLE = {Steps and traces},
 BOOKTITLE = {Coalgebraic methods in computer science},
    SERIES = {Lecture Notes in Comput. Sci.},
    VOLUME = {11202},
     PAGES = {122--143},
 PUBLISHER = {Springer, Cham},
      YEAR = {2018},
   MRCLASS = {68Q55 (03G27)},
  MRNUMBER = {3863452},
}
		
@incollection {MR3816861,
    AUTHOR = {van Heerdt, Gerco and Jacobs, Bart and Kapp\'{e}, Tobias and
              Silva, Alexandra},
     TITLE = {Learning to coordinate},
 BOOKTITLE = {It's all about coordination},
    SERIES = {Lecture Notes in Comput. Sci.},
    VOLUME = {10865},
     PAGES = {139--159},
 PUBLISHER = {Springer, Cham},
      YEAR = {2018},
   MRCLASS = {68Q80 (68T05)},
  MRNUMBER = {3816861},
}
		
@incollection {MR3796553,
    AUTHOR = {Jacobs, Bart},
     TITLE = {A note on distances between probabilistic and quantum
              distributions},
 BOOKTITLE = {The {T}hirty-third {C}onference on the {M}athematical
              {F}oundations of {P}rogramming {S}emantics ({MFPS} {XXXIII})},
    SERIES = {Electron. Notes Theor. Comput. Sci.},
    VOLUME = {336},
     PAGES = {173--187},
 PUBLISHER = {Elsevier Sci. B. V., Amsterdam},
      YEAR = {2018},
   MRCLASS = {60A10 (68Q55)},
  MRNUMBER = {3796553},
}
		
@incollection {MR3781064,
    AUTHOR = {Adams, Robin and Jacobs, Bart},
     TITLE = {A type theory for probabilistic and {B}ayesian reasoning},
 BOOKTITLE = {21st {I}nternational {C}onference on {T}ypes for {P}roofs and
              {P}rograms},
    SERIES = {LIPIcs. Leibniz Int. Proc. Inform.},
    VOLUME = {69},
     PAGES = {Art. No. 1, 34},
 PUBLISHER = {Schloss Dagstuhl. Leibniz-Zent. Inform., Wadern},
      YEAR = {2018},
   MRCLASS = {68N18 (03B70)},
  MRNUMBER = {3781064},
}
		
@article {MR3726099,
    AUTHOR = {Jacobs, Bart},
     TITLE = {From probability monads to commutative effectuses},
   JOURNAL = {J. Log. Algebr. Methods Program.},
  FJOURNAL = {Journal of Logical and Algebraic Methods in Programming},
    VOLUME = {94},
      YEAR = {2018},
     PAGES = {200--237},
      ISSN = {2352-2208},
   MRCLASS = {18C20 (18D10 60A99)},
  MRNUMBER = {3726099},
MRREVIEWER = {Walter Tholen},
       DOI = {10.1016/j.jlamp.2016.11.006},
       URL = {https://doi-org.colorado.idm.oclc.org/10.1016/j.jlamp.2016.11.006},
}
		
@incollection {MR3755314,
    AUTHOR = {Jacobs, Bart and Zanasi, Fabio},
     TITLE = {A formal semantics of influence in {B}ayesian reasoning},
 BOOKTITLE = {42nd {I}nternational {S}ymposium on {M}athematical
              {F}oundations of {C}omputer {S}cience},
    SERIES = {LIPIcs. Leibniz Int. Proc. Inform.},
    VOLUME = {83},
     PAGES = {Art. No. 21, 14},
 PUBLISHER = {Schloss Dagstuhl. Leibniz-Zent. Inform., Wadern},
      YEAR = {2017},
   MRCLASS = {68T27},
  MRNUMBER = {3755314},
}
		
@incollection {MR3746676,
    AUTHOR = {Cho, Kenta and Jacobs, Bart},
     TITLE = {The {E}f{P}rob library for probabilistic calculations},
 BOOKTITLE = {7th {C}onference on {A}lgebra and {C}oalgebra in {C}omputer
              {S}cience},
    SERIES = {LIPIcs. Leibniz Int. Proc. Inform.},
    VOLUME = {72},
     PAGES = {Art. No. 25, 8},
 PUBLISHER = {Schloss Dagstuhl. Leibniz-Zent. Inform., Wadern},
      YEAR = {2017},
   MRCLASS = {68N15 (68Q87)},
  MRNUMBER = {3746676},
}
		
@article {MR3722814,
    AUTHOR = {Jacobs, Bart},
     TITLE = {Quantum effect logic in cognition},
   JOURNAL = {J. Math. Psych.},
  FJOURNAL = {Journal of Mathematical Psychology},
    VOLUME = {81},
      YEAR = {2017},
     PAGES = {1--10},
      ISSN = {0022-2496},
   MRCLASS = {91E10 (81P68)},
  MRNUMBER = {3722814},
       DOI = {10.1016/j.jmp.2017.08.004},
       URL = {https://doi-org.colorado.idm.oclc.org/10.1016/j.jmp.2017.08.004},
}
		
@article {MR3702099,
    AUTHOR = {Verheul, Eric and Jacobs, Bart},
     TITLE = {Polymorphic encryption and pseudonymisation in identity
              management and medical research},
   JOURNAL = {Nieuw Arch. Wiskd. (5)},
  FJOURNAL = {Nieuw Archief voor Wiskunde. Vijfde Serie},
    VOLUME = {18},
      YEAR = {2017},
    NUMBER = {3},
     PAGES = {168--172},
      ISSN = {0028-9825},
   MRCLASS = {94A60},
  MRNUMBER = {3702099},
}
		
@article {MR3695484,
    AUTHOR = {Jacobs, Bart},
     TITLE = {Hyper normalisation and conditioning for discrete probability
              distributions},
   JOURNAL = {Log. Methods Comput. Sci.},
  FJOURNAL = {Logical Methods in Computer Science},
    VOLUME = {13},
      YEAR = {2017},
    NUMBER = {3},
     PAGES = {Paper No. 17, 29},
      ISSN = {1860-5974},
   MRCLASS = {60C99 (18C99 68Q55)},
  MRNUMBER = {3695484},
}
		
@article {MR3651991,
    AUTHOR = {Jacobs, Bart},
     TITLE = {A recipe for state-and-effect triangles},
   JOURNAL = {Log. Methods Comput. Sci.},
  FJOURNAL = {Logical Methods in Computer Science},
    VOLUME = {13},
      YEAR = {2017},
    NUMBER = {2},
     PAGES = {Paper No. 6, 26},
      ISSN = {1860-5974},
   MRCLASS = {68Q55 (18C20)},
  MRNUMBER = {3651991},
}
		
@book {MR3617042,
    AUTHOR = {Jacobs, Bart},
     TITLE = {Introduction to coalgebra},
    SERIES = {Cambridge Tracts in Theoretical Computer Science},
    VOLUME = {59},
      NOTE = {Towards mathematics of states and observation},
 PUBLISHER = {Cambridge University Press, Cambridge},
      YEAR = {2017},
     PAGES = {xvi+477},
      ISBN = {978-1-107-17789-5},
   MRCLASS = {68-02 (03G30 18C20 68Q55 68Q85)},
  MRNUMBER = {3617042},
       DOI = {10.1017/CBO9781316823187},
       URL = {https://doi-org.colorado.idm.oclc.org/10.1017/CBO9781316823187},
}
		
@inproceedings {MR3776788,
    AUTHOR = {Hino, Wataru and Kobayashi, Hiroki and Jacobs, Bart and Hasuo,
              Ichiro},
     TITLE = {Healthiness from duality},
 BOOKTITLE = {Proceedings of the 31st {A}nnual {ACM}-{IEEE} {S}ymposium on
              {L}ogic in {C}omputer {S}cience ({LICS} 2016)},
     PAGES = {10},
 PUBLISHER = {ACM, New York},
      YEAR = {2016},
   MRCLASS = {68Q55 (18C50)},
  MRNUMBER = {3776788},
}
		
@incollection {MR3591699,
    AUTHOR = {Jacobs, Bart and Zanasi, Fabio},
     TITLE = {A predicate/state transformer semantics for {B}ayesian
              learning},
 BOOKTITLE = {The {T}hirty-second {C}onference on the {M}athematical
              {F}oundations of {P}rogramming {S}emantics ({MFPS} {XXXII})},
    SERIES = {Electron. Notes Theor. Comput. Sci.},
    VOLUME = {325},
     PAGES = {185--200},
 PUBLISHER = {Elsevier Sci. B. V., Amsterdam},
      YEAR = {2016},
   MRCLASS = {68Q55 (18C20 62F15)},
  MRNUMBER = {3591699},
       DOI = {10.1016/j.entcs.2016.09.038},
       URL = {https://doi-org.colorado.idm.oclc.org/10.1016/j.entcs.2016.09.038},
}
		
@incollection {MR3591698,
    AUTHOR = {Jacobs, Bart},
     TITLE = {Effectuses from monads},
 BOOKTITLE = {The {T}hirty-second {C}onference on the {M}athematical
              {F}oundations of {P}rogramming {S}emantics ({MFPS} {XXXII})},
    SERIES = {Electron. Notes Theor. Comput. Sci.},
    VOLUME = {325},
     PAGES = {169--183},
 PUBLISHER = {Elsevier Sci. B. V., Amsterdam},
      YEAR = {2016},
   MRCLASS = {68Q55 (18C15)},
  MRNUMBER = {3591698},
       DOI = {10.1016/j.entcs.2016.09.037},
       URL = {https://doi-org.colorado.idm.oclc.org/10.1016/j.entcs.2016.09.037},
}
		
@article {MR3544611,
    AUTHOR = {Jacobs, Bart and Mandemaker, Jorik and Furber, Robert},
     TITLE = {The expectation monad in quantum foundations},
   JOURNAL = {Inform. and Comput.},
  FJOURNAL = {Information and Computation},
    VOLUME = {250},
      YEAR = {2016},
     PAGES = {87--114},
      ISSN = {0890-5401},
   MRCLASS = {18B30 (18C50 54B30 68Q55 81P10)},
  MRNUMBER = {3544611},
MRREVIEWER = {Theo Johnson-Freyd},
       DOI = {10.1016/j.ic.2016.02.009},
       URL = {https://doi-org.colorado.idm.oclc.org/10.1016/j.ic.2016.02.009},
}
		
@article {MR3544606,
    AUTHOR = {Hoban, Matty and Jacobs, Bart and Panangaden, Prakash},
     TITLE = {Preface [{Q}uantum physics and logic]},
   JOURNAL = {Inform. and Comput.},
  FJOURNAL = {Information and Computation},
    VOLUME = {250},
      YEAR = {2016},
     PAGES = {1--2},
      ISSN = {0890-5401},
   MRCLASS = {81-06 (18-06 68-06 68Q12)},
  MRNUMBER = {3544606},
       DOI = {10.1016/j.ic.2016.02.005},
       URL = {https://doi-org.colorado.idm.oclc.org/10.1016/j.ic.2016.02.005},
}
		
@incollection {MR3539251,
    AUTHOR = {Timany, Amin and Jacobs, Bart},
     TITLE = {Category theory in {C}oq 8.5},
 BOOKTITLE = {1st {I}nternational {C}onference on {F}ormal {S}tructures for
              {C}omputation and {D}eduction},
    SERIES = {LIPIcs. Leibniz Int. Proc. Inform.},
    VOLUME = {52},
     PAGES = {Art. No. 30, 18},
 PUBLISHER = {Schloss Dagstuhl. Leibniz-Zent. Inform., Wadern},
      YEAR = {2016},
   MRCLASS = {03B35 (18A99)},
  MRNUMBER = {3539251},
}
		
@incollection {MR3533918,
    AUTHOR = {Jacobs, Bart},
     TITLE = {Affine monads and side-effect-freeness},
 BOOKTITLE = {Coalgebraic methods in computer science},
    SERIES = {Lecture Notes in Comput. Sci.},
    VOLUME = {9608},
     PAGES = {53--72},
 PUBLISHER = {Springer, [Cham]},
      YEAR = {2016},
   MRCLASS = {18D10 (03G12 68N18)},
  MRNUMBER = {3533918},
MRREVIEWER = {Ram\'{o}n Gonz\'{a}lez Rodr\'{i}guez},
       DOI = {10.1007/978-3-319-40370-0_5},
       URL = {https://doi-org.colorado.idm.oclc.org/10.1007/978-3-319-40370-0_5},
}
		
@incollection {MR3524268,
    AUTHOR = {Jacobs, Bart and Mandemaker, Jorik},
     TITLE = {Relating operator spaces via adjunctions},
 BOOKTITLE = {Logic and algebraic structures in quantum computing},
    SERIES = {Lect. Notes Log.},
    VOLUME = {45},
     PAGES = {123--150},
 PUBLISHER = {Assoc. Symbol. Logic, La Jolla, CA},
      YEAR = {2016},
   MRCLASS = {47A67 (18B99)},
  MRNUMBER = {3524268},
MRREVIEWER = {Gianfranco Mascari},
}
		
@incollection {MR3516323,
    AUTHOR = {Garcia, Flavio D. and Jacobs, Bart},
     TITLE = {The fall of a tiny star},
 BOOKTITLE = {The new codebreakers},
    SERIES = {Lecture Notes in Comput. Sci.},
    VOLUME = {9100},
     PAGES = {69--87},
 PUBLISHER = {Springer, Berlin},
      YEAR = {2016},
   MRCLASS = {94A60 (94B05)},
  MRNUMBER = {3516323},
       DOI = {10.1007/978-3-662-49301-4_5},
       URL = {https://doi-org.colorado.idm.oclc.org/10.1007/978-3-662-49301-4_5},
}
		
@inproceedings {MR3594191,
    AUTHOR = {Furber, Robert and Jacobs, Bart},
     TITLE = {Towards a categorical account of conditional probability},
 BOOKTITLE = {Proceedings of the 12th {I}nternational {W}orkshop on
              {Q}uantum {P}hysics and {L}ogic},
    SERIES = {Electron. Proc. Theor. Comput. Sci. (EPTCS)},
    VOLUME = {195},
     PAGES = {179--195},
 PUBLISHER = {EPTCS, [place of publication not identified]},
      YEAR = {2015},
   MRCLASS = {18C20 (03G30 60B99 81P10 81P68)},
  MRNUMBER = {3594191},
MRREVIEWER = {M. J. M\polhk aczy\'{n}ski},
       DOI = {10.4204/EPTCS.195.14},
       URL = {https://doi-org.colorado.idm.oclc.org/10.4204/EPTCS.195.14},
}
		
@inproceedings {MR3594187,
    AUTHOR = {Cho, Kenta and Jacobs, Bart and Westerbaan, Bas and
              Westerbaan, Bram},
     TITLE = {Quotient-comprehension chains},
 BOOKTITLE = {Proceedings of the 12th {I}nternational {W}orkshop on
              {Q}uantum {P}hysics and {L}ogic},
    SERIES = {Electron. Proc. Theor. Comput. Sci. (EPTCS)},
    VOLUME = {195},
     PAGES = {136--147},
 PUBLISHER = {EPTCS, [place of publication not identified]},
      YEAR = {2015},
   MRCLASS = {03G30},
  MRNUMBER = {3594187},
       DOI = {10.4204/EPTCS.195.10},
       URL = {https://doi-org.colorado.idm.oclc.org/10.4204/EPTCS.195.10},
}
		
@incollection {MR3558195,
    AUTHOR = {Jacobs, Bart and Bosnacki, Dragan and Kuiper, Ruurd},
     TITLE = {Modular termination verification},
 BOOKTITLE = {29th {E}uropean {C}onference on {O}bject-{O}riented
              {P}rogramming},
    SERIES = {LIPIcs. Leibniz Int. Proc. Inform.},
    VOLUME = {37},
     PAGES = {664--688},
 PUBLISHER = {Schloss Dagstuhl. Leibniz-Zent. Inform., Wadern},
      YEAR = {2015},
   MRCLASS = {68N30 (03B70)},
  MRNUMBER = {3558195},
}
		
@incollection {MR3485523,
    AUTHOR = {Timany, Amin and Jacobs, Bart},
     TITLE = {First steps towards cumulative inductive types in {CIC}},
 BOOKTITLE = {Theoretical aspects of computing---{ICTAC} 2015},
    SERIES = {Lecture Notes in Comput. Sci.},
    VOLUME = {9399},
     PAGES = {608--617},
 PUBLISHER = {Springer, Cham},
      YEAR = {2015},
   MRCLASS = {68N18 (18B99)},
  MRNUMBER = {3485523},
       DOI = {10.1007/978-3-319-25150-9_36},
       URL = {https://doi-org.colorado.idm.oclc.org/10.1007/978-3-319-25150-9_36},
}
		
@incollection {MR3472407,
    AUTHOR = {Jacobs, Bart and Westerbaan, Bram},
     TITLE = {An effect-theoretic account of {L}ebesgue integration},
 BOOKTITLE = {The 31st {C}onference on the {M}athematical {F}oundations of
              {P}rogramming {S}emantics ({MFPS} {XXXI})},
    SERIES = {Electron. Notes Theor. Comput. Sci.},
    VOLUME = {319},
     PAGES = {239--253},
 PUBLISHER = {Elsevier Sci. B. V., Amsterdam},
      YEAR = {2015},
   MRCLASS = {81R10 (28E99)},
  MRNUMBER = {3472407},
       DOI = {10.1016/j.entcs.2015.12.015},
       URL = {https://doi-org.colorado.idm.oclc.org/10.1016/j.entcs.2015.12.015},
}
		
@incollection {MR3453794,
    AUTHOR = {Jacobs, Bart},
     TITLE = {A recipe for state-and-effect triangles},
 BOOKTITLE = {6th {C}onference on {A}lgebra and {C}oalgebra in {C}omputer
              {S}cience},
    SERIES = {LIPIcs. Leibniz Int. Proc. Inform.},
    VOLUME = {35},
     PAGES = {116--129},
 PUBLISHER = {Schloss Dagstuhl. Leibniz-Zent. Inform., Wadern},
      YEAR = {2015},
   MRCLASS = {68N18 (18C50 68Q55)},
  MRNUMBER = {3453794},
}
		
@article {MR3416359,
    AUTHOR = {Jacobs, Bart},
     TITLE = {Dijkstra and {H}oare monads in monadic computation},
   JOURNAL = {Theoret. Comput. Sci.},
  FJOURNAL = {Theoretical Computer Science},
    VOLUME = {604},
      YEAR = {2015},
     PAGES = {30--45},
      ISSN = {0304-3975},
   MRCLASS = {68Q65 (68N30 68Q55 68T15)},
  MRNUMBER = {3416359},
MRREVIEWER = {Gabriel Ciobanu},
       DOI = {10.1016/j.tcs.2015.03.020},
       URL = {https://doi-org.colorado.idm.oclc.org/10.1016/j.tcs.2015.03.020},
}
		
@article {MR3411430,
    AUTHOR = {Jacobs, Bart},
     TITLE = {New directions in categorical logic, for classical,
              probabilistic and quantum logic},
   JOURNAL = {Log. Methods Comput. Sci.},
  FJOURNAL = {Logical Methods in Computer Science},
    VOLUME = {11},
      YEAR = {2015},
    NUMBER = {3},
     PAGES = {3:24, 76},
      ISSN = {1860-5974},
   MRCLASS = {68Q05 (68Q55)},
  MRNUMBER = {3411430},
       DOI = {10.2168/LMCS-11(3:24)2015},
       URL = {https://doi-org.colorado.idm.oclc.org/10.2168/LMCS-11(3:24)2015},
}
		
@article {MR3411425,
    AUTHOR = {Vogels, Fr\'{e}d\'{e}ric and Jacobs, Bart and Piessens, Frank},
     TITLE = {Featherweight {V}eri{F}ast},
   JOURNAL = {Log. Methods Comput. Sci.},
  FJOURNAL = {Logical Methods in Computer Science},
    VOLUME = {11},
      YEAR = {2015},
    NUMBER = {3},
     PAGES = {3:19, 57},
      ISSN = {1860-5974},
   MRCLASS = {68N17 (68N30)},
  MRNUMBER = {3411425},
       DOI = {10.2168/lmcs-11(3:19)2015},
       URL = {https://doi-org.colorado.idm.oclc.org/10.2168/lmcs-11(3:19)2015},
}
		
@article {MR3357133,
    AUTHOR = {Furber, Robert and Jacobs, Bart},
     TITLE = {From {K}leisli categories to commutative {$C^*$}-algebras:
              probabilistic {G}elfand duality},
   JOURNAL = {Log. Methods Comput. Sci.},
  FJOURNAL = {Logical Methods in Computer Science},
    VOLUME = {11},
      YEAR = {2015},
    NUMBER = {2},
     PAGES = {1:5, 28},
      ISSN = {1860-5974},
   MRCLASS = {46L05 (18C15)},
  MRNUMBER = {3357133},
MRREVIEWER = {Enrique Pardo},
       DOI = {10.2168/LMCS-11(2:5)2015},
       URL = {https://doi-org.colorado.idm.oclc.org/10.2168/LMCS-11(2:5)2015},
}
		
@incollection {MR3354236,
    AUTHOR = {Jacobs, Bart and Westerbaan, Bas and Westerbaan, Bram},
     TITLE = {States of convex sets},
 BOOKTITLE = {Foundations of software science and computation structures},
    SERIES = {Lecture Notes in Comput. Sci.},
    VOLUME = {9034},
     PAGES = {87--101},
 PUBLISHER = {Springer, Heidelberg},
      YEAR = {2015},
   MRCLASS = {68Q12},
  MRNUMBER = {3354236},
       DOI = {10.1007/978-3-662-46678-0_6},
       URL = {https://doi-org.colorado.idm.oclc.org/10.1007/978-3-662-46678-0_6},
}
		
@article {MR3319418,
    AUTHOR = {Jacobs, Bart and Silva, Alexandra and Sokolova, Ana},
     TITLE = {Trace semantics via determinization},
   JOURNAL = {J. Comput. System Sci.},
  FJOURNAL = {Journal of Computer and System Sciences},
    VOLUME = {81},
      YEAR = {2015},
    NUMBER = {5},
     PAGES = {859--879},
      ISSN = {0022-0000},
   MRCLASS = {68Q55 (18B20)},
  MRNUMBER = {3319418},
MRREVIEWER = {I. Mezn\'{i}k},
       DOI = {10.1016/j.jcss.2014.12.005},
       URL = {https://doi-org.colorado.idm.oclc.org/10.1016/j.jcss.2014.12.005},
}
		
@article {MR3303196,
    AUTHOR = {Dam, Mads and Jacobs, Bart and Lundblad, Andreas and Piessens,
              Frank},
     TITLE = {Security monitor inlining and certification for multithreaded
              {J}ava},
   JOURNAL = {Math. Structures Comput. Sci.},
  FJOURNAL = {Mathematical Structures in Computer Science. A Journal in the
              Applications of Categorical, Algebraic and Geometric Methods
              in Computer Science},
    VOLUME = {25},
      YEAR = {2015},
    NUMBER = {3},
     PAGES = {528--565},
      ISSN = {0960-1295},
   MRCLASS = {68N30 (94A60)},
  MRNUMBER = {3303196},
       DOI = {10.1017/S0960129512000916},
       URL = {https://doi-org.colorado.idm.oclc.org/10.1017/S0960129512000916},
}
		
@incollection {MR3258892,
    AUTHOR = {Jacobs, Bart},
     TITLE = {Dijkstra monads in monadic computation},
 BOOKTITLE = {Coalgebraic methods in computer science},
    SERIES = {Lecture Notes in Comput. Sci.},
    VOLUME = {8446},
     PAGES = {135--150},
 PUBLISHER = {Springer, Heidelberg},
      YEAR = {2014},
   MRCLASS = {68Q65},
  MRNUMBER = {3258892},
       DOI = {10.1007/978-3-662-44124-4_8},
       URL = {https://doi-org.colorado.idm.oclc.org/10.1007/978-3-662-44124-4_8},
}
		
@incollection {MR3193346,
    AUTHOR = {Jacobs, Bart and Silva, Alexandra},
     TITLE = {Initial algebras of terms with binding and algebraic
              structure},
 BOOKTITLE = {Categories and types in logic, language, and physics},
    SERIES = {Lecture Notes in Comput. Sci.},
    VOLUME = {8222},
     PAGES = {211--234},
 PUBLISHER = {Springer, Heidelberg},
      YEAR = {2014},
   MRCLASS = {68Q65},
  MRNUMBER = {3193346},
       DOI = {10.1007/978-3-642-54789-8_12},
       URL = {https://doi-org.colorado.idm.oclc.org/10.1007/978-3-642-54789-8_12},
}
		
@incollection {MR3323793,
    AUTHOR = {Jacobs, Bart},
     TITLE = {Measurable spaces and their effect logic},
 BOOKTITLE = {2013 28th {A}nnual {ACM}/{IEEE} {S}ymposium on {L}ogic in
              {C}omputer {S}cience ({LICS} 2013)},
     PAGES = {83--92},
 PUBLISHER = {IEEE Computer Soc., Los Alamitos, CA},
      YEAR = {2013},
   MRCLASS = {03G12 (03B05 03B48 03B70)},
  MRNUMBER = {3323793},
MRREVIEWER = {Anatolij Dvure\v{c}enskij},
}
		
@article {MR3285792,
    AUTHOR = {Jacobs, Bart},
     TITLE = {Bases as coalgebras [reprint of MR3109607]},
   JOURNAL = {Log. Methods Comput. Sci.},
  FJOURNAL = {Logical Methods in Computer Science},
      YEAR = {2013/14},
    NUMBER = {Selected papers of ``Algebraic and Coalgebraic Methods in
              Computer Science: CALCO 2011''},
     PAGES = {21},
      ISSN = {1860-5974},
   MRCLASS = {68Q65 (18C15)},
  MRNUMBER = {3285792},
}
		
@inproceedings {MR3138524,
    AUTHOR = {Jacobs, Bart},
     TITLE = {On block structures in quantum computation},
 BOOKTITLE = {Proceedings of the {T}wenty-{N}inth {C}onference on the
              {M}athematical {F}oundations of {P}rogramming {S}emantics,
              {MFPS} {XXIX}},
    SERIES = {Electron. Notes Theor. Comput. Sci.},
    VOLUME = {298},
     PAGES = {233--255},
 PUBLISHER = {Elsevier Sci. B. V., Amsterdam},
      YEAR = {2013},
   MRCLASS = {Expansion},
  MRNUMBER = {3138524},
       DOI = {10.1016/j.entcs.2013.09.016},
       URL = {https://doi-org.colorado.idm.oclc.org/10.1016/j.entcs.2013.09.016},
}
		
@inproceedings {MR3138522,
    AUTHOR = {Hasuo, Ichiro and Cho, Kenta and Kataoka, Toshiki and Jacobs,
              Bart},
     TITLE = {Coinductive predicates and final sequences in a fibration},
 BOOKTITLE = {Proceedings of the {T}wenty-{N}inth {C}onference on the
              {M}athematical {F}oundations of {P}rogramming {S}emantics,
              {MFPS} {XXIX}},
    SERIES = {Electron. Notes Theor. Comput. Sci.},
    VOLUME = {298},
     PAGES = {197--214},
 PUBLISHER = {Elsevier Sci. B. V., Amsterdam},
      YEAR = {2013},
   MRCLASS = {Expansion},
  MRNUMBER = {3138522},
       DOI = {10.1016/j.entcs.2013.09.014},
       URL = {https://doi-org.colorado.idm.oclc.org/10.1016/j.entcs.2013.09.014},
}
		
@incollection {MR3126301,
    AUTHOR = {Furber, Robert and Jacobs, Bart},
     TITLE = {From {K}leisli categories to commutative {$C^*$}-algebras:
              probabilistic {G}elfand duality},
 BOOKTITLE = {Algebra and coalgebra in computer science},
    SERIES = {Lecture Notes in Comput. Sci.},
    VOLUME = {8089},
     PAGES = {141--157},
 PUBLISHER = {Springer, Heidelberg},
      YEAR = {2013},
   MRCLASS = {18C15 (46L05)},
  MRNUMBER = {3126301},
       DOI = {10.1007/978-3-642-40206-7_12},
       URL = {https://doi-org.colorado.idm.oclc.org/10.1007/978-3-642-40206-7_12},
}
		
@article {MR3109607,
    AUTHOR = {Jacobs, Bart},
     TITLE = {Bases as coalgebras},
   JOURNAL = {Log. Methods Comput. Sci.},
  FJOURNAL = {Logical Methods in Computer Science},
    VOLUME = {9},
      YEAR = {2013},
    NUMBER = {3},
     PAGES = {3:23, 21},
      ISSN = {1860-5974},
   MRCLASS = {68Q55 (18C15)},
  MRNUMBER = {3109607},
       DOI = {10.2168/LMCS-9(3:23)2013},
       URL = {https://doi-org.colorado.idm.oclc.org/10.2168/LMCS-9(3:23)2013},
}
		
@article {MR3093879,
    AUTHOR = {Jacobs, Bart},
     TITLE = {Dagger categories of tame relations},
   JOURNAL = {Log. Univers.},
  FJOURNAL = {Logica Universalis},
    VOLUME = {7},
      YEAR = {2013},
    NUMBER = {3},
     PAGES = {341--370},
      ISSN = {1661-8297},
   MRCLASS = {68Q55 (18D10 68Q12 81P68)},
  MRNUMBER = {3093879},
MRREVIEWER = {Chris Heunen},
       DOI = {10.1007/s11787-013-0079-8},
       URL = {https://doi-org.colorado.idm.oclc.org/10.1007/s11787-013-0079-8},
}
		
@article {MR3020120,
    AUTHOR = {Garcia, Flavio D. and Verheul, Eric R. and Jacobs, Bart},
     TITLE = {Cell-based privacy-friendly roadpricing},
   JOURNAL = {Comput. Math. Appl.},
  FJOURNAL = {Computers \& Mathematics with Applications. An International
              Journal},
    VOLUME = {65},
      YEAR = {2013},
    NUMBER = {5},
     PAGES = {774--785},
      ISSN = {0898-1221},
   MRCLASS = {94A60},
  MRNUMBER = {3020120},
       DOI = {10.1016/j.camwa.2012.06.022},
       URL = {https://doi-org.colorado.idm.oclc.org/10.1016/j.camwa.2012.06.022},
}
		
@incollection {MR3204275,
    AUTHOR = {Jacobs, Bart and Rutten, Jan},
     TITLE = {An introduction to (co)algebra and (co)induction},
 BOOKTITLE = {Advanced topics in bisimulation and coinduction},
    SERIES = {Cambridge Tracts Theoret. Comput. Sci.},
    VOLUME = {52},
     PAGES = {38--99},
 PUBLISHER = {Cambridge Univ. Press, Cambridge},
      YEAR = {2012},
   MRCLASS = {68Q85 (08A70 18C99)},
  MRNUMBER = {3204275},
}
		
@incollection {MR3003203,
    AUTHOR = {Jacobs, Bart and Silva, Alexandra and Sokolova, Ana},
     TITLE = {Trace semantics via determinization},
 BOOKTITLE = {Coalgebraic methods in computer science},
    SERIES = {Lecture Notes in Comput. Sci.},
    VOLUME = {7399},
     PAGES = {109--129},
 PUBLISHER = {Springer, Heidelberg},
      YEAR = {2012},
   MRCLASS = {68Q65},
  MRNUMBER = {3003203},
       DOI = {10.1007/978-3-642-32784-1_7},
       URL = {https://doi-org.colorado.idm.oclc.org/10.1007/978-3-642-32784-1_7},
}
		
@incollection {MR2968811,
    AUTHOR = {Atkey, Robert and Ghani, Neil and Jacobs, Bart and Johann,
              Patricia},
     TITLE = {Fibrational induction meets effects},
 BOOKTITLE = {Foundations of software science and computational structures},
    SERIES = {Lecture Notes in Comput. Sci.},
    VOLUME = {7213},
     PAGES = {42--57},
 PUBLISHER = {Springer, Heidelberg},
      YEAR = {2012},
   MRCLASS = {68Q65},
  MRNUMBER = {2968811},
       DOI = {10.1007/978-3-642-28729-9_3},
       URL = {https://doi-org.colorado.idm.oclc.org/10.1007/978-3-642-28729-9_3},
}
		
@article {MR2928840,
    AUTHOR = {Jacobs, Bart and Mandemaker, Jorik},
     TITLE = {Coreflections in algebraic quantum logic},
   JOURNAL = {Found. Phys.},
  FJOURNAL = {Foundations of Physics. An International Journal Devoted to
              the Conceptual Bases and Fundamental Theories of Modern
              Physics},
    VOLUME = {42},
      YEAR = {2012},
    NUMBER = {7},
     PAGES = {932--958},
      ISSN = {0015-9018},
   MRCLASS = {06C15 (06D35 18B99 81P10)},
  MRNUMBER = {2928840},
MRREVIEWER = {Mirko Navara},
       DOI = {10.1007/s10701-012-9654-8},
       URL = {https://doi-org.colorado.idm.oclc.org/10.1007/s10701-012-9654-8},
}
		
@article {MR2928835,
    AUTHOR = {Jacobs, Bart},
     TITLE = {Involutive categories and monoids, with a
              {GNS}-correspondence},
   JOURNAL = {Found. Phys.},
  FJOURNAL = {Foundations of Physics. An International Journal Devoted to
              the Conceptual Bases and Fundamental Theories of Modern
              Physics},
    VOLUME = {42},
      YEAR = {2012},
    NUMBER = {7},
     PAGES = {874--895},
      ISSN = {0015-9018},
   MRCLASS = {18D10 (16Y60 18D05)},
  MRNUMBER = {2928835},
MRREVIEWER = {Pilar C. Carrasco},
       DOI = {10.1007/s10701-011-9595-7},
       URL = {https://doi-org.colorado.idm.oclc.org/10.1007/s10701-011-9595-7},
}
		
@incollection {MR2910246,
    AUTHOR = {Jacobs, Bart and Smans, Jan and Piessens, Frank},
     TITLE = {Verification of unloadable modules},
 BOOKTITLE = {F{M} 2011: {F}ormal methods},
    SERIES = {Lecture Notes in Comput. Sci.},
    VOLUME = {6664},
     PAGES = {402--416},
 PUBLISHER = {Springer, Heidelberg},
      YEAR = {2011},
   MRCLASS = {Expansion},
  MRNUMBER = {2910246},
       DOI = {10.1007/978-3-642-21437-0_30},
       URL = {https://doi-org.colorado.idm.oclc.org/10.1007/978-3-642-21437-0_30},
}
		
@incollection {MR2877866,
    AUTHOR = {Jacobs, Bart and Wichers Schreur, Ronny},
     TITLE = {Logical formalisation and analysis of the {M}ifare classic
              card in {PVS}},
 BOOKTITLE = {Interactive theorem proving},
    SERIES = {Lecture Notes in Comput. Sci.},
    VOLUME = {6898},
     PAGES = {3-17},
 PUBLISHER = {Springer, Heidelberg},
      YEAR = {2011},
   MRCLASS = {Expansion},
  MRNUMBER = {2877866},
       DOI = {10.1007/978-3-642-22863-6_3},
       URL = {https://doi-org.colorado.idm.oclc.org/10.1007/978-3-642-22863-6_3},
}
		
@incollection {MR2874525,
    AUTHOR = {Jacobs, Bart},
     TITLE = {Bases as coalgebras},
 BOOKTITLE = {Algebra and coalgebra in computer science},
    SERIES = {Lecture Notes in Comput. Sci.},
    VOLUME = {6859},
     PAGES = {237--252},
 PUBLISHER = {Springer, Heidelberg},
      YEAR = {2011},
   MRCLASS = {68Q65 (18C15)},
  MRNUMBER = {2874525},
       DOI = {10.1007/978-3-642-22944-2_17},
       URL = {https://doi-org.colorado.idm.oclc.org/10.1007/978-3-642-22944-2_17},
}
		
@article {MR2849688,
    AUTHOR = {Jacobs, Bart and Niqui, Milad and Rutten, Jan and Silva,
              Alexandra},
     TITLE = {Preface [{CMCS} {T}enth {A}nniversary {M}eeting]},
      NOTE = {Held in Paphos, March 26--28, 2010},
   JOURNAL = {Theoret. Comput. Sci.},
  FJOURNAL = {Theoretical Computer Science},
    VOLUME = {412},
      YEAR = {2011},
    NUMBER = {38},
     PAGES = {4967--4968},
      ISSN = {0304-3975},
   MRCLASS = {68-06 (68Q65)},
  MRNUMBER = {2849688},
       DOI = {10.1016/j.tcs.2011.06.001},
       URL = {https://doi-org.colorado.idm.oclc.org/10.1016/j.tcs.2011.06.001},
}
		
@article {MR2839148,
    AUTHOR = {Jacobs, Bart},
     TITLE = {Probabilities, distribution monads, and convex categories},
   JOURNAL = {Theoret. Comput. Sci.},
  FJOURNAL = {Theoretical Computer Science},
    VOLUME = {412},
      YEAR = {2011},
    NUMBER = {28},
     PAGES = {3323--3336},
      ISSN = {0304-3975},
   MRCLASS = {18B99 (03G12 68Q55)},
  MRNUMBER = {2839148},
       DOI = {10.1016/j.tcs.2011.04.005},
       URL = {https://doi-org.colorado.idm.oclc.org/10.1016/j.tcs.2011.04.005},
}
		
@incollection {MR2813599,
    AUTHOR = {Jacobs, Bart},
     TITLE = {Coalgebraic walks, in quantum and {T}uring computation},
 BOOKTITLE = {Foundations of software science and computational structures},
    SERIES = {Lecture Notes in Comput. Sci.},
    VOLUME = {6604},
     PAGES = {12--26},
 PUBLISHER = {Springer, Heidelberg},
      YEAR = {2011},
   MRCLASS = {68Q05 (68Q65)},
  MRNUMBER = {2813599},
       DOI = {10.1007/978-3-642-19805-2_2},
       URL = {https://doi-org.colorado.idm.oclc.org/10.1007/978-3-642-19805-2_2},
}
		
@article {MR2784605,
    AUTHOR = {Hasuo, Ichiro and Jacobs, Bart},
     TITLE = {Traces for coalgebraic components},
   JOURNAL = {Math. Structures Comput. Sci.},
  FJOURNAL = {Mathematical Structures in Computer Science. A Journal in the
              Applications of Categorical, Algebraic and Geometric Methods
              in Computer Science},
    VOLUME = {21},
      YEAR = {2011},
    NUMBER = {2},
     PAGES = {267--320},
      ISSN = {0960-1295},
   MRCLASS = {68Q65 (18C50 68Q85)},
  MRNUMBER = {2784605},
       DOI = {10.1017/S0960129510000551},
       URL = {https://doi-org.colorado.idm.oclc.org/10.1017/S0960129510000551},
}
		
@incollection {MR3220962,
    AUTHOR = {Jacobs, Bart},
     TITLE = {Convexity, duality and effects},
 BOOKTITLE = {Theoretical computer science},
    SERIES = {IFIP Adv. Inf. Commun. Technol.},
    VOLUME = {323},
     PAGES = {1--19},
 PUBLISHER = {Springer, Berlin},
      YEAR = {2010},
   MRCLASS = {03G12 (06E99)},
  MRNUMBER = {3220962},
       DOI = {10.1007/978-3-642-15240-5_1},
       URL = {https://doi-org.colorado.idm.oclc.org/10.1007/978-3-642-15240-5_1},
}
		
@inproceedings {MR2909663,
    AUTHOR = {Hasuo, Ichiro and Jacobs, Bart and Niqui, Milad},
     TITLE = {Coalgebraic representation theory of fractals},
 BOOKTITLE = {Proceedings of the 26th {C}onference on the {M}athematical
              {F}oundations of {P}rogramming {S}emantics ({MFPS} 2010)},
    SERIES = {Electron. Notes Theor. Comput. Sci.},
    VOLUME = {265},
     PAGES = {351--368},
 PUBLISHER = {Elsevier Sci. B. V., Amsterdam},
      YEAR = {2010},
   MRCLASS = {Expansion},
  MRNUMBER = {2909663},
       DOI = {10.1016/j.entcs.2010.08.021},
       URL = {https://doi-org.colorado.idm.oclc.org/10.1016/j.entcs.2010.08.021},
}
		
@inproceedings {MR2908931,
    AUTHOR = {Jacobs, Bart},
     TITLE = {From coalgebraic to monoidal traces},
 BOOKTITLE = {Proceedings of the {T}enth {W}orkshop on {C}oalgebraic
              {M}ethods in {C}omputer {S}cience ({CMCS} 2010)},
    SERIES = {Electron. Notes Theor. Comput. Sci.},
    VOLUME = {264},
     PAGES = {125--140},
 PUBLISHER = {Elsevier Sci. B. V., Amsterdam},
      YEAR = {2010},
   MRCLASS = {68Q65 (18C20)},
  MRNUMBER = {2908931},
}
		
@article {MR2725168,
    AUTHOR = {Jacobs, Bart and Sokolova, Ana},
     TITLE = {Exemplaric expressivity of modal logics},
   JOURNAL = {J. Logic Comput.},
  FJOURNAL = {Journal of Logic and Computation},
    VOLUME = {20},
      YEAR = {2010},
    NUMBER = {5},
     PAGES = {1041--1068},
      ISSN = {0955-792X},
   MRCLASS = {03B45},
  MRNUMBER = {2725168},
       DOI = {10.1093/logcom/exn093},
       URL = {https://doi-org.colorado.idm.oclc.org/10.1093/logcom/exn093},
}
		
@article {MR2660727,
    AUTHOR = {Heunen, Chris and Jacobs, Bart},
     TITLE = {Quantum logic in dagger kernel categories},
   JOURNAL = {Order},
  FJOURNAL = {Order. A Journal on the Theory of Ordered Sets and its
              Applications},
    VOLUME = {27},
      YEAR = {2010},
    NUMBER = {2},
     PAGES = {177--212},
      ISSN = {0167-8094},
   MRCLASS = {06C15 (06F07 18B05 46M15 81P10)},
  MRNUMBER = {2660727},
MRREVIEWER = {Mirko Navara},
       DOI = {10.1007/s11083-010-9145-5},
       URL = {https://doi-org.colorado.idm.oclc.org/10.1007/s11083-010-9145-5},
}
		
@article {MR2659590,
    AUTHOR = {Jacobs, Bart},
     TITLE = {Orthomodular lattices, {F}oulis semigroups and dagger kernel
              categories},
   JOURNAL = {Log. Methods Comput. Sci.},
  FJOURNAL = {Logical Methods in Computer Science},
    VOLUME = {6},
      YEAR = {2010},
    NUMBER = {2},
     PAGES = {2:1, 26},
      ISSN = {1860-5974},
   MRCLASS = {03G12 (06C15 18B05 46M99 81P10)},
  MRNUMBER = {2659590},
MRREVIEWER = {Mirko Navara},
       DOI = {10.2168/LMCS-6(2:1)2010},
       URL = {https://doi-org.colorado.idm.oclc.org/10.2168/LMCS-6(2:1)2010},
}
		
@incollection {MR2557831,
    AUTHOR = {Jacobs, Bart and Sokolova, Ana},
     TITLE = {Traces, executions and schedulers, coalgebraically},
 BOOKTITLE = {Algebra and coalgebra in computer science},
    SERIES = {Lecture Notes in Comput. Sci.},
    VOLUME = {5728},
     PAGES = {206--220},
 PUBLISHER = {Springer, Berlin},
      YEAR = {2009},
   MRCLASS = {68Q85 (68Q65)},
  MRNUMBER = {2557831},
       DOI = {10.1007/978-3-642-03741-2_15},
       URL = {https://doi-org.colorado.idm.oclc.org/10.1007/978-3-642-03741-2_15},
}
		
@incollection {MR2557822,
    AUTHOR = {Hasuo, Ichiro and Heunen, Chris and Jacobs, Bart and Sokolova,
              Ana},
     TITLE = {Coalgebraic components in a many-sorted microcosm},
 BOOKTITLE = {Algebra and coalgebra in computer science},
    SERIES = {Lecture Notes in Comput. Sci.},
    VOLUME = {5728},
     PAGES = {64--80},
 PUBLISHER = {Springer, Berlin},
      YEAR = {2009},
   MRCLASS = {68Q65 (68Q85)},
  MRNUMBER = {2557822},
       DOI = {10.1007/978-3-642-03741-2_6},
       URL = {https://doi-org.colorado.idm.oclc.org/10.1007/978-3-642-03741-2_6},
}
		
@article {MR2541354,
    AUTHOR = {Jacobs, Bart and Heunen, Chris and Hasuo, Ichiro},
     TITLE = {Categorical semantics for arrows},
   JOURNAL = {J. Funct. Programming},
  FJOURNAL = {Journal of Functional Programming},
    VOLUME = {19},
      YEAR = {2009},
    NUMBER = {3-4},
     PAGES = {403--438},
      ISSN = {0956-7968},
   MRCLASS = {68N18 (18C20 68Q55)},
  MRNUMBER = {2541354},
MRREVIEWER = {Masahito Hasegawa},
       DOI = {10.1017/S0956796809007308},
       URL = {https://doi-org.colorado.idm.oclc.org/10.1017/S0956796809007308},
}
		
@incollection {MR2540046,
    AUTHOR = {Vogels, Fr\'{e}d\'{e}ric and Jacobs, Bart and Piessens, Frank},
     TITLE = {A machine checked soundness proof for an intermediate
              verification language},
 BOOKTITLE = {S{OFSEM} 2009: theory and practice of computer science},
    SERIES = {Lecture Notes in Comput. Sci.},
    VOLUME = {5404},
     PAGES = {570--581},
 PUBLISHER = {Springer, Berlin},
      YEAR = {2009},
   MRCLASS = {Expansion},
  MRNUMBER = {2540046},
       DOI = {10.1007/978-3-540-95891-8_51},
       URL = {https://doi-org.colorado.idm.oclc.org/10.1007/978-3-540-95891-8_51},
}
		
@incollection {MR2477198,
    AUTHOR = {Hasuo, Ichiro and Jacobs, Bart and Sokolova, Ana},
     TITLE = {The microcosm principle and concurrency in coalgebra},
 BOOKTITLE = {Foundations of software science and computational structures},
    SERIES = {Lecture Notes in Comput. Sci.},
    VOLUME = {4962},
     PAGES = {246--260},
 PUBLISHER = {Springer, Berlin},
      YEAR = {2008},
   MRCLASS = {68Q85 (68Q65)},
  MRNUMBER = {2477198},
       DOI = {10.1007/978-3-540-78499-9_18},
       URL = {https://doi-org.colorado.idm.oclc.org/10.1007/978-3-540-78499-9_18},
}
		
@inproceedings {MR2437397,
    AUTHOR = {Jacobs, Bart},
     TITLE = {Coalgebraic trace semantics for combined possibilistic and
              probabilistic systems},
 BOOKTITLE = {Proceedings of the {N}inth {W}orkshop on {C}oalgebraic
              {M}ethods in {C}omputer {S}cience ({CMCS} 2008)},
    SERIES = {Electron. Notes Theor. Comput. Sci.},
    VOLUME = {203},
     PAGES = {131--152},
 PUBLISHER = {Elsevier Sci. B. V., Amsterdam},
      YEAR = {2008},
   MRCLASS = {Expansion},
  MRNUMBER = {2437397},
}
		
@incollection {MR2424718,
    AUTHOR = {Hasuo, Ichiro and Jacobs, Bart and Uustalu, Tarmo},
     TITLE = {Categorical views on computations on trees (extended
              abstract)},
 BOOKTITLE = {Automata, languages and programming},
    SERIES = {Lecture Notes in Comput. Sci.},
    VOLUME = {4596},
     PAGES = {619--630},
 PUBLISHER = {Springer, Berlin},
      YEAR = {2007},
   MRCLASS = {68Q70 (03B70 18C50)},
  MRNUMBER = {2424718},
       DOI = {10.1007/978-3-540-73420-8_54},
       URL = {https://doi-org.colorado.idm.oclc.org/10.1007/978-3-540-73420-8_54},
}
		
@article {MR2357498,
    AUTHOR = {Hasuo, Ichiro and Jacobs, Bart and Sokolova, Ana},
     TITLE = {Generic trace semantics via coinduction},
   JOURNAL = {Log. Methods Comput. Sci.},
  FJOURNAL = {Logical Methods in Computer Science},
    VOLUME = {3},
      YEAR = {2007},
    NUMBER = {4},
     PAGES = {4:11, 36},
      ISSN = {1860-5974},
   MRCLASS = {68Q45 (18B99 18C50 68Q55)},
  MRNUMBER = {2357498},
       DOI = {10.2168/LMCS-3(4:11)2007},
       URL = {https://doi-org.colorado.idm.oclc.org/10.2168/LMCS-3(4:11)2007},
}
		
@incollection {MR2422608,
    AUTHOR = {Hoepman, Jaap-Henk and Hubbers, Engelbert and Jacobs, Bart and
              Oostdijk, Martijn and Schreur, Ronny Wichers},
     TITLE = {Crossing borders: security and privacy issues of the
              {E}uropean e-passport},
 BOOKTITLE = {Advances in information and computer security},
    SERIES = {Lecture Notes in Comput. Sci.},
    VOLUME = {4266},
     PAGES = {152--167},
 PUBLISHER = {Springer, Berlin},
      YEAR = {2006},
   MRCLASS = {Expansion},
  MRNUMBER = {2422608},
       DOI = {10.1007/11908739_11},
       URL = {https://doi-org.colorado.idm.oclc.org/10.1007/11908739_11},
}
		
@incollection {MR2281340,
    AUTHOR = {Jacobs, Bart},
     TITLE = {A bialgebraic review of deterministic automata, regular
              expressions and languages},
 BOOKTITLE = {Algebra, meaning, and computation},
    SERIES = {Lecture Notes in Comput. Sci.},
    VOLUME = {4060},
     PAGES = {375--404},
 PUBLISHER = {Springer, Berlin},
      YEAR = {2006},
   MRCLASS = {68Q70 (68Q45)},
  MRNUMBER = {2281340},
       DOI = {10.1007/11780274_20},
       URL = {https://doi-org.colorado.idm.oclc.org/10.1007/11780274_20},
}
		
@inproceedings {MR2270198,
    AUTHOR = {Hasuo, Ichiro and Jacobs, Bart and Sokolova, Ana},
     TITLE = {Generic trace theory},
 BOOKTITLE = {Proceedings of the {E}ighth {W}orkshop on {C}oalgebraic
              {M}ethods in {C}omputer {S}cience ({CMCS} 2006)},
    SERIES = {Electron. Notes Theor. Comput. Sci.},
    VOLUME = {164},
     PAGES = {47--65},
 PUBLISHER = {Elsevier Sci. B. V., Amsterdam},
      YEAR = {2006},
   MRCLASS = {68Q85 (18C20 18C50 68Q55)},
  MRNUMBER = {2270198},
}
		
@article {MR2224567,
    AUTHOR = {Jacobs, Bart},
     TITLE = {Distributive laws for the coinductive solution of recursive
              equations},
   JOURNAL = {Inform. and Comput.},
  FJOURNAL = {Information and Computation},
    VOLUME = {204},
      YEAR = {2006},
    NUMBER = {4},
     PAGES = {561--587},
      ISSN = {0890-5401},
   MRCLASS = {68Q55 (18C50)},
  MRNUMBER = {2224567},
MRREVIEWER = {Anna Labella},
       DOI = {10.1016/j.ic.2005.03.006},
       URL = {https://doi-org.colorado.idm.oclc.org/10.1016/j.ic.2005.03.006},
}
		
@incollection {MR2205009,
    AUTHOR = {Hasuo, Ichiro and Jacobs, Bart},
     TITLE = {Context-free languages via coalgebraic trace semantics},
 BOOKTITLE = {Algebra and coalgebra in computer science},
    SERIES = {Lecture Notes in Comput. Sci.},
    VOLUME = {3629},
     PAGES = {213--231},
 PUBLISHER = {Springer, Berlin},
      YEAR = {2005},
   MRCLASS = {68Q45 (18C20)},
  MRNUMBER = {2205009},
       DOI = {10.1007/11548133_14},
       URL = {https://doi-org.colorado.idm.oclc.org/10.1007/11548133_14},
}
		
@article {MR2135892,
    AUTHOR = {Breunesse, C.-B. and Cata\~{n}o, N. and Huisman, M. and Jacobs,
              B.},
     TITLE = {Formal methods for smart cards: an experience report},
   JOURNAL = {Sci. Comput. Programming},
  FJOURNAL = {Science of Computer Programming. Methods of Software Design:
              Techniques and Applications},
    VOLUME = {55},
      YEAR = {2005},
    NUMBER = {1-3},
     PAGES = {53--80},
      ISSN = {0167-6423},
   MRCLASS = {Expansion},
  MRNUMBER = {2135892},
       DOI = {10.1016/j.scico.2004.05.011},
       URL = {https://doi-org.colorado.idm.oclc.org/10.1016/j.scico.2004.05.011},
}
		
@inproceedings {MR2199871,
    AUTHOR = {Jacobs, Bart},
     TITLE = {Trace semantics for coalgebras},
 BOOKTITLE = {Proceedings of the {W}orkshop on {C}oalgebraic {M}ethods in
              {C}omputer {S}cience},
    SERIES = {Electron. Notes Theor. Comput. Sci.},
    VOLUME = {106},
     PAGES = {167--184},
 PUBLISHER = {Elsevier Sci. B. V., Amsterdam},
      YEAR = {2004},
   MRCLASS = {68Q55 (68Q85)},
  MRNUMBER = {2199871},
       DOI = {10.1016/j.entcs.2004.02.031},
       URL = {https://doi-org.colorado.idm.oclc.org/10.1016/j.entcs.2004.02.031},
}
		
@inproceedings {MR2199870,
    AUTHOR = {Jacobs, Bart},
     TITLE = {Relating two approaches to coinductive solution of recursive
              equations},
 BOOKTITLE = {Proceedings of the {W}orkshop on {C}oalgebraic {M}ethods in
              {C}omputer {S}cience},
    SERIES = {Electron. Notes Theor. Comput. Sci.},
    VOLUME = {106},
     PAGES = {145--166},
 PUBLISHER = {Elsevier Sci. B. V., Amsterdam},
      YEAR = {2004},
   MRCLASS = {03B70 (68Q65)},
  MRNUMBER = {2199870},
       DOI = {10.1016/j.entcs.2004.02.032},
       URL = {https://doi-org.colorado.idm.oclc.org/10.1016/j.entcs.2004.02.032},
}
		
@article {MR2093516,
    AUTHOR = {Hughes, Jesse and Jacobs, Bart},
     TITLE = {Simulations in coalgebra},
   JOURNAL = {Theoret. Comput. Sci.},
  FJOURNAL = {Theoretical Computer Science},
    VOLUME = {327},
      YEAR = {2004},
    NUMBER = {1-2},
     PAGES = {71--108},
      ISSN = {0304-3975},
   MRCLASS = {68Q85 (18B99)},
  MRNUMBER = {2093516},
MRREVIEWER = {Lutz Schr\"{o}der},
       DOI = {10.1016/j.tcs.2004.07.022},
       URL = {https://doi-org.colorado.idm.oclc.org/10.1016/j.tcs.2004.07.022},
}
		
@article {MR1957434,
    AUTHOR = {Jacobs, Bart and Poll, Erik},
     TITLE = {Coalgebras and monads in the semantics of {J}ava},
      NOTE = {Algebraic methodology and software technology (Iowa City, IA,
              2000)},
   JOURNAL = {Theoret. Comput. Sci.},
  FJOURNAL = {Theoretical Computer Science},
    VOLUME = {291},
      YEAR = {2003},
    NUMBER = {3},
     PAGES = {329--349},
      ISSN = {0304-3975},
   MRCLASS = {68Q55 (18C50)},
  MRNUMBER = {1957434},
MRREVIEWER = {Peter Johnstone},
       DOI = {10.1016/S0304-3975(02)00366-3},
       URL = {https://doi-org.colorado.idm.oclc.org/10.1016/S0304-3975(02)00366-3},
}
		
@incollection {MR2050830,
    AUTHOR = {Breunesse, Cees-Bart and Jacobs, Bart and van den Berg,
              Joachim},
     TITLE = {Specifying and verifying a decimal representation in {J}ava
              for smart cards},
 BOOKTITLE = {Algebraic methodology and software technology},
    SERIES = {Lecture Notes in Comput. Sci.},
    VOLUME = {2422},
     PAGES = {304--318},
 PUBLISHER = {Springer, Berlin},
      YEAR = {2002},
   MRCLASS = {Expansion},
  MRNUMBER = {2050830},
       DOI = {10.1007/3-540-45719-4_21},
       URL = {https://doi-org.colorado.idm.oclc.org/10.1007/3-540-45719-4_21},
}
		
@incollection {MR1964882,
    AUTHOR = {Jacobs, Bart},
     TITLE = {Exercises in coalgebraic specification},
 BOOKTITLE = {Algebraic and coalgebraic methods in the mathematics of
              program construction ({O}xford, 2000)},
    SERIES = {Lecture Notes in Comput. Sci.},
    VOLUME = {2297},
     PAGES = {237--280},
 PUBLISHER = {Springer, Berlin},
      YEAR = {2002},
   MRCLASS = {68Q65 (18C50 68Q60)},
  MRNUMBER = {1964882},
       DOI = {10.1007/3-540-47797-7_7},
       URL = {https://doi-org.colorado.idm.oclc.org/10.1007/3-540-47797-7_7},
}
		
@article {MR1947808,
    AUTHOR = {Jacobs, Bart},
     TITLE = {The temporal logic of coalgebras via {G}alois algebras},
   JOURNAL = {Math. Structures Comput. Sci.},
  FJOURNAL = {Mathematical Structures in Computer Science. A Journal in the
              Applications of Categorical, Algebraic and Geometric Methods
              in Computer Science},
    VOLUME = {12},
      YEAR = {2002},
    NUMBER = {6},
     PAGES = {875--903},
      ISSN = {0960-1295},
   MRCLASS = {03B44 (68Q85)},
  MRNUMBER = {1947808},
MRREVIEWER = {Anna Labella},
       DOI = {10.1017/S096012950200378X},
       URL = {https://doi-org.colorado.idm.oclc.org/10.1017/S096012950200378X},
}
		
@article {MR1845874,
    AUTHOR = {Jacobs, Bart},
     TITLE = {Many-sorted coalgebraic modal logic: a model-theoretic study},
      NOTE = {Coalgebraic methods in computer science (Berlin, 2000)},
   JOURNAL = {Theor. Inform. Appl.},
  FJOURNAL = {Theoretical Informatics and Applications. Informatique
              Th\'{e}orique et Applications},
    VOLUME = {35},
      YEAR = {2001},
    NUMBER = {1},
     PAGES = {31--59},
      ISSN = {0988-3754},
   MRCLASS = {68Q85 (03B45 03G05 03G30 06E25)},
  MRNUMBER = {1845874},
MRREVIEWER = {Lawrence S. Moss},
       DOI = {10.1051/ita:2001108},
       URL = {https://doi-org.colorado.idm.oclc.org/10.1051/ita:2001108},
}
		
@article {MR1829826,
    AUTHOR = {Rothe, Jan and Tews, Hendrik and Jacobs, Bart},
     TITLE = {The coalgebraic class specification language {CCSL}},
      NOTE = {Special issue on tools for system design and verification,
              Part 2 (Reisensburg Castle, 2000)},
   JOURNAL = {J.UCS},
  FJOURNAL = {J.UCS. The Journal of Universal Computer Science},
    VOLUME = {7},
      YEAR = {2001},
    NUMBER = {2},
     PAGES = {175--193},
      ISSN = {0948-695X},
   MRCLASS = {68Q60 (68N19)},
  MRNUMBER = {1829826},
}
		
@incollection {MR1787578,
    AUTHOR = {Jacobs, Bart},
     TITLE = {Towards a duality result in coalgebraic modal logic},
 BOOKTITLE = {C{MCS}'2000: coalgebraic methods in computer science
              ({B}erlin)},
    SERIES = {Electron. Notes Theor. Comput. Sci.},
    VOLUME = {33},
     PAGES = {36},
 PUBLISHER = {Elsevier Sci. B. V., Amsterdam},
      YEAR = {2000},
   MRCLASS = {03B45 (03G30 18C10)},
  MRNUMBER = {1787578},
MRREVIEWER = {Anna Labella},
}
		
@article {MR1770413,
    AUTHOR = {Jacobs, Bart},
     TITLE = {Object-oriented hybrid systems of coalgebras plus monoid
              actions},
      NOTE = {Algebraic methodology and software technology (Munich, 1996)},
   JOURNAL = {Theoret. Comput. Sci.},
  FJOURNAL = {Theoretical Computer Science},
    VOLUME = {239},
      YEAR = {2000},
    NUMBER = {1},
     PAGES = {41--95},
      ISSN = {0304-3975},
   MRCLASS = {68Q55 (16W30)},
  MRNUMBER = {1770413},
       DOI = {10.1016/S0304-3975(99)00213-3},
       URL = {https://doi-org.colorado.idm.oclc.org/10.1016/S0304-3975(99)00213-3},
}
		
@article {MR1713635,
    AUTHOR = {Hensel, Ulrich and Jacobs, Bart},
     TITLE = {Coalgebraic theories of sequences in {PVS}},
   JOURNAL = {J. Logic Comput.},
  FJOURNAL = {Journal of Logic and Computation},
    VOLUME = {9},
      YEAR = {1999},
    NUMBER = {4},
     PAGES = {463--500},
      ISSN = {0955-792X},
   MRCLASS = {68Q60},
  MRNUMBER = {1713635},
       DOI = {10.1093/logcom/9.4.463},
       URL = {https://doi-org.colorado.idm.oclc.org/10.1093/logcom/9.4.463},
}
		
@book {MR1674451,
    AUTHOR = {Jacobs, Bart},
     TITLE = {Categorical logic and type theory},
    SERIES = {Studies in Logic and the Foundations of Mathematics},
    VOLUME = {141},
 PUBLISHER = {North-Holland Publishing Co., Amsterdam},
      YEAR = {1999},
     PAGES = {xviii+760},
      ISBN = {0-444-50170-3},
   MRCLASS = {03G30 (03-02 03B15 03B40)},
  MRNUMBER = {1674451},
MRREVIEWER = {Andreas Blass},
}
		
@article {MR1641597,
    AUTHOR = {Hermida, Claudio and Jacobs, Bart},
     TITLE = {Structural induction and coinduction in a fibrational setting},
   JOURNAL = {Inform. and Comput.},
  FJOURNAL = {Information and Computation},
    VOLUME = {145},
      YEAR = {1998},
    NUMBER = {2},
     PAGES = {107--152},
      ISSN = {0890-5401},
   MRCLASS = {68Q65 (03G30 18D30)},
  MRNUMBER = {1641597},
MRREVIEWER = {Horst Reichel},
       DOI = {10.1006/inco.1998.2725},
       URL = {https://doi-org.colorado.idm.oclc.org/10.1006/inco.1998.2725},
}
		
@incollection {MR1641388,
    AUTHOR = {Hensel, Ulrich and Jacobs, Bart},
     TITLE = {Proof principles for datatypes with iterated recursion},
 BOOKTITLE = {Category theory and computer science ({S}anta {M}argherita
              {L}igure, 1997)},
    SERIES = {Lecture Notes in Comput. Sci.},
    VOLUME = {1290},
     PAGES = {220--241},
 PUBLISHER = {Springer, Berlin},
      YEAR = {1997},
   MRCLASS = {68Q65},
  MRNUMBER = {1641388},
       DOI = {10.1007/BFb0026991},
       URL = {https://doi-org.colorado.idm.oclc.org/10.1007/BFb0026991},
}
		
@incollection {MR1480711,
    AUTHOR = {Jacobs, Bart},
     TITLE = {Coalgebraic specifications and models of deterministic hybrid
              systems},
 BOOKTITLE = {Algebraic methodology and software technology ({M}unich,
              1996)},
    SERIES = {Lecture Notes in Comput. Sci.},
    VOLUME = {1101},
     PAGES = {520--535},
 PUBLISHER = {Springer, Berlin},
      YEAR = {1996},
   MRCLASS = {68Q65 (68Q60)},
  MRNUMBER = {1480711},
       DOI = {10.1007/BFb0014337},
       URL = {https://doi-org.colorado.idm.oclc.org/10.1007/BFb0014337},
}
		
@article {MR1411791,
    AUTHOR = {Jacobs, Bart},
     TITLE = {On cubism},
   JOURNAL = {J. Funct. Programming},
  FJOURNAL = {Journal of Functional Programming},
    VOLUME = {6},
      YEAR = {1996},
    NUMBER = {3},
     PAGES = {379--391},
      ISSN = {0956-7968},
   MRCLASS = {03B15 (03B40 68Q55)},
  MRNUMBER = {1411791},
MRREVIEWER = {Betti Venneri},
       DOI = {10.1017/S0956796800001763},
       URL = {https://doi-org.colorado.idm.oclc.org/10.1017/S0956796800001763},
}
		
@incollection {MR1486853,
    AUTHOR = {Jacobs, B. P. F.},
     TITLE = {Subtypes and bounded quantification from a fibred perspective},
 BOOKTITLE = {Mathematical foundations of programming semantics ({N}ew
              {O}rleans, {LA}, 1995)},
    SERIES = {Electron. Notes Theor. Comput. Sci.},
    VOLUME = {1},
     PAGES = {17},
 PUBLISHER = {Elsevier Sci. B. V., Amsterdam},
      YEAR = {1995},
   MRCLASS = {68N15 (68Q55)},
  MRNUMBER = {1486853},
       DOI = {10.1016/S0840-4704(10)60904-0},
       URL = {https://doi-org.colorado.idm.oclc.org/10.1016/S0840-4704(10)60904-0},
}
		
@incollection {MR1471243,
    AUTHOR = {Hermida, Claudio and Jacobs, Bart},
     TITLE = {An algebraic view of structural induction},
 BOOKTITLE = {Computer science logic ({K}azimierz, 1994)},
    SERIES = {Lecture Notes in Comput. Sci.},
    VOLUME = {933},
     PAGES = {412--426},
 PUBLISHER = {Springer, Berlin},
      YEAR = {1995},
   MRCLASS = {68Q65 (03G30 18B99)},
  MRNUMBER = {1471243},
       DOI = {10.1007/BFb0022272},
       URL = {https://doi-org.colorado.idm.oclc.org/10.1007/BFb0022272},
}
		
@article {MR1377315,
    AUTHOR = {Hermida, Claudio and Jacobs, Bart},
     TITLE = {Fibrations with indeterminates: contextual and functional
              completeness for polymorphic lambda calculi},
      NOTE = {Fifth Biennial Meeting on Category Theory and Computer Science
              (Amsterdam, 1993)},
   JOURNAL = {Math. Structures Comput. Sci.},
  FJOURNAL = {Mathematical Structures in Computer Science. A Journal in the
              Applications of Categorical, Algebraic and Geometric Methods
              in Computer Science},
    VOLUME = {5},
      YEAR = {1995},
    NUMBER = {4},
     PAGES = {501--531},
      ISSN = {0960-1295},
   MRCLASS = {03B40},
  MRNUMBER = {1377315},
MRREVIEWER = {R. P. Nederpelt},
       DOI = {10.1017/S0960129500001213},
       URL = {https://doi-org.colorado.idm.oclc.org/10.1017/S0960129500001213},
}
		
@article {MR1364536,
    AUTHOR = {Jacobs, Bart},
     TITLE = {Parameters and parametrization in specification, using
              distributive categories},
   JOURNAL = {Fund. Inform.},
  FJOURNAL = {Fundamenta Informaticae},
    VOLUME = {24},
      YEAR = {1995},
    NUMBER = {3},
     PAGES = {209--250},
      ISSN = {0169-2968},
   MRCLASS = {18B99 (18A40 68Q65)},
  MRNUMBER = {1364536},
}
		
@article {MR1362150,
    AUTHOR = {Bonsangue, Marcello M. and Jacobs, Bart and Kok, Joost N.},
     TITLE = {Duality beyond sober spaces: topological spaces and
              observation frames},
      NOTE = {Topology and completion in semantics (Chartres, 1993)},
   JOURNAL = {Theoret. Comput. Sci.},
  FJOURNAL = {Theoretical Computer Science},
    VOLUME = {151},
      YEAR = {1995},
    NUMBER = {1},
     PAGES = {79--124},
      ISSN = {0304-3975},
   MRCLASS = {06A23 (03G10 06B35 54A05 54B30 68Q55)},
  MRNUMBER = {1362150},
MRREVIEWER = {Marcel Ern\'{e}},
       DOI = {10.1016/0304-3975(95)00048-2},
       URL = {https://doi-org.colorado.idm.oclc.org/10.1016/0304-3975(95)00048-2},
}
		
@incollection {MR1321403,
    AUTHOR = {Jacobs, Bart},
     TITLE = {Coalgebras and approximation},
 BOOKTITLE = {Logical foundations of computer science ({S}t. {P}etersburg,
              1994)},
    SERIES = {Lecture Notes in Comput. Sci.},
    VOLUME = {813},
     PAGES = {173--183},
 PUBLISHER = {Springer, Berlin},
      YEAR = {1994},
   MRCLASS = {03G30 (03B60 03B70 03F50)},
  MRNUMBER = {1321403},
       DOI = {10.1007/3-540-58140-5_18},
       URL = {https://doi-org.colorado.idm.oclc.org/10.1007/3-540-58140-5_18},
}
		
@article {MR1301607,
    AUTHOR = {Jacobs, Bart},
     TITLE = {Semantics of weakening and contraction},
   JOURNAL = {Ann. Pure Appl. Logic},
  FJOURNAL = {Annals of Pure and Applied Logic},
    VOLUME = {69},
      YEAR = {1994},
    NUMBER = {1},
     PAGES = {73--106},
      ISSN = {0168-0072},
   MRCLASS = {03F50 (18C99)},
  MRNUMBER = {1301607},
MRREVIEWER = {Aldo Ursini},
       DOI = {10.1016/0168-0072(94)90020-5},
       URL = {https://doi-org.colorado.idm.oclc.org/10.1016/0168-0072(94)90020-5},
}
@incollection {MR1233150,
    AUTHOR = {Jacobs, Bart and Melham, Tom},
     TITLE = {Translating dependent type theory into higher-order logic},
 BOOKTITLE = {Typed lambda calculi and applications ({U}trecht, 1993)},
    SERIES = {Lecture Notes in Comput. Sci.},
    VOLUME = {664},
     PAGES = {209--229},
 PUBLISHER = {Springer, Berlin},
      YEAR = {1993},
   MRCLASS = {03B15 (03B35 03B70 68Q55)},
  MRNUMBER = {1233150},
       DOI = {10.1007/BFb0037108},
       URL = {https://doi-org.colorado.idm.oclc.org/10.1007/BFb0037108},
}
		
@incollection {MR1233149,
    AUTHOR = {Jacobs, Bart},
     TITLE = {Semantics of lambda-{${\rm I}$} and of other substructure
              lambda calculi},
 BOOKTITLE = {Typed lambda calculi and applications ({U}trecht, 1993)},
    SERIES = {Lecture Notes in Comput. Sci.},
    VOLUME = {664},
     PAGES = {195--208},
 PUBLISHER = {Springer, Berlin},
      YEAR = {1993},
   MRCLASS = {03B40 (68Q55)},
  MRNUMBER = {1233149},
       DOI = {10.1007/BFb0037107},
       URL = {https://doi-org.colorado.idm.oclc.org/10.1007/BFb0037107},
}
		
@article {MR1201808,
    AUTHOR = {Jacobs, Bart},
     TITLE = {Comprehension categories and the semantics of type dependency},
   JOURNAL = {Theoret. Comput. Sci.},
  FJOURNAL = {Theoretical Computer Science},
    VOLUME = {107},
      YEAR = {1993},
    NUMBER = {2},
     PAGES = {169--207},
      ISSN = {0304-3975},
   MRCLASS = {18D30 (03G30 68Q55)},
  MRNUMBER = {1201808},
MRREVIEWER = {Ji\v{r}\'{i} Ad\'{a}mek},
       DOI = {10.1016/0304-3975(93)90169-T},
       URL = {https://doi-org.colorado.idm.oclc.org/10.1016/0304-3975(93)90169-T},
}
		
@incollection {MR1176961,
    AUTHOR = {Jacobs, Bart},
     TITLE = {Simply typed and untyped lambda calculus revisited},
 BOOKTITLE = {Applications of categories in computer science ({D}urham,
              1991)},
    SERIES = {London Math. Soc. Lecture Note Ser.},
    VOLUME = {177},
     PAGES = {119--142},
 PUBLISHER = {Cambridge Univ. Press, Cambridge},
      YEAR = {1992},
   MRCLASS = {03B40 (18D15 68Q55)},
  MRNUMBER = {1176961},
MRREVIEWER = {Felice Cardone},
       DOI = {10.1017/CBO9780511525902.008},
       URL = {https://doi-org.colorado.idm.oclc.org/10.1017/CBO9780511525902.008},
}
		
@article {MR1157801,
    AUTHOR = {Jacobs, Bart and Margaria, Ines and Zacchi, Maddalena},
     TITLE = {Filter models with polymorphic types},
   JOURNAL = {Theoret. Comput. Sci.},
  FJOURNAL = {Theoretical Computer Science},
    VOLUME = {95},
      YEAR = {1992},
    NUMBER = {1},
     PAGES = {143--158},
      ISSN = {0304-3975},
   MRCLASS = {03B40 (68Q55)},
  MRNUMBER = {1157801},
       DOI = {10.1016/0304-3975(92)90070-V},
       URL = {https://doi-org.colorado.idm.oclc.org/10.1016/0304-3975(92)90070-V},
}
		
@article {MR1146598,
    AUTHOR = {Jacobs, Bart},
     TITLE = {Semantics of the second order lambda calculus},
   JOURNAL = {Math. Structures Comput. Sci.},
  FJOURNAL = {Mathematical Structures in Computer Science. A Journal in the
              Applications of Categorical, Algebraic and Geometric Methods
              in Computer Science},
    VOLUME = {1},
      YEAR = {1991},
    NUMBER = {3},
     PAGES = {327--360},
      ISSN = {0960-1295},
   MRCLASS = {68Q55 (03B40 18B99)},
  MRNUMBER = {1146598},
       DOI = {10.1017/S0960129500001341},
       URL = {https://doi-org.colorado.idm.oclc.org/10.1017/S0960129500001341},
}
		
@incollection {MR1135341,
    AUTHOR = {Jacobs, Bart and Moggi, Eugenio and Streicher, Thomas},
     TITLE = {Relating models of impredicative type theories},
 BOOKTITLE = {Category theory and computer science ({P}aris, 1991)},
    SERIES = {Lecture Notes in Comput. Sci.},
    VOLUME = {530},
     PAGES = {197--218},
 PUBLISHER = {Springer, Berlin},
      YEAR = {1991},
   MRCLASS = {03B15 (03B40 03G30 18C10 18D30 68Q55)},
  MRNUMBER = {1135341},
       DOI = {10.1007/BFb0013467},
       URL = {https://doi-org.colorado.idm.oclc.org/10.1007/BFb0013467},
}
		
@incollection {MR1031564,
    AUTHOR = {Jacobs, Bart},
     TITLE = {On the semantics of second order lambda calculus: from
              {B}ruce-{M}eyer-{M}itchell models to hyperdoctrine models and
              vice-versa},
 BOOKTITLE = {Category theory and computer science ({M}anchester, 1989)},
    SERIES = {Lecture Notes in Comput. Sci.},
    VOLUME = {389},
     PAGES = {198--212},
 PUBLISHER = {Springer, Berlin},
      YEAR = {1989},
   MRCLASS = {03B40 (03G30 68Q55)},
  MRNUMBER = {1031564},
MRREVIEWER = {M. S. Burgin},
       DOI = {10.1007/BFb0018353},
       URL = {https://doi-org.colorado.idm.oclc.org/10.1007/BFb0018353},
}
		
@article {MR1025028,
    AUTHOR = {Jacobs, Bart},
     TITLE = {The inconsistency of higher order extensions of
              {M}artin-{L}\"{o}f's type theory},
   JOURNAL = {J. Philos. Logic},
  FJOURNAL = {Journal of Philosophical Logic},
    VOLUME = {18},
      YEAR = {1989},
    NUMBER = {4},
     PAGES = {399--422},
      ISSN = {0022-3611},
   MRCLASS = {03B15 (03B60)},
  MRNUMBER = {1025028},
MRREVIEWER = {Peter M. Simons},
       DOI = {10.1007/BF00262943},
       URL = {https://doi-org.colorado.idm.oclc.org/10.1007/BF00262943},
}
		