@article {MR3731395,
    AUTHOR = {Johnstone, Peter},
     TITLE = {Functoriality of modified realizability},
   JOURNAL = {Tbilisi Math. J.},
  FJOURNAL = {Tbilisi Mathematical Journal},
    VOLUME = {10},
      YEAR = {2017},
    NUMBER = {3},
     PAGES = {209--222},
      ISSN = {1512-0139},
   MRCLASS = {03G30 (03D65 08A55 18B25)},
  MRNUMBER = {3731395},
MRREVIEWER = {Graham White},
       DOI = {10.1515/tmj-2017-0109},
       URL = {https://doi-org.colorado.idm.oclc.org/10.1515/tmj-2017-0109},
}
		
@article {MR3364939,
    AUTHOR = {Johnstone, Peter},
     TITLE = {{\it {N}on-{H}ausdorff topology and domain theory: selected
              topics in point-set topology} [book review of {MR}3086734]},
   JOURNAL = {Bull. Lond. Math. Soc.},
  FJOURNAL = {Bulletin of the London Mathematical Society},
    VOLUME = {47},
      YEAR = {2015},
    NUMBER = {2},
     PAGES = {374--375},
      ISSN = {0024-6093},
   MRCLASS = {00A17},
  MRNUMBER = {3364939},
       DOI = {10.1112/blms/bdu099},
       URL = {https://doi-org.colorado.idm.oclc.org/10.1112/blms/bdu099},
}
		
@article {MR3341722,
    AUTHOR = {Bjerrum, Marie and Johnstone, Peter and Leinster, Tom and
              Sawin, William F.},
     TITLE = {Notes on commutation of limits and colimits},
   JOURNAL = {Theory Appl. Categ.},
  FJOURNAL = {Theory and Applications of Categories},
    VOLUME = {30},
      YEAR = {2015},
     PAGES = {Paper No. 15, 527--532},
      ISSN = {1201-561X},
   MRCLASS = {18A30 (18B05 20J99)},
  MRNUMBER = {3341722},
MRREVIEWER = {Vidhyanath K. Rao},
}
		
@article {MR3148489,
    AUTHOR = {Johnstone, Peter},
     TITLE = {The {G}leason cover of a realizability topos},
   JOURNAL = {Theory Appl. Categ.},
  FJOURNAL = {Theory and Applications of Categories},
    VOLUME = {28},
      YEAR = {2013},
     PAGES = {No. 32, 1139--1152},
      ISSN = {1201-561X},
   MRCLASS = {18B25 (03G30)},
  MRNUMBER = {3148489},
MRREVIEWER = {Olivia Caramello},
}
		
@article {MR3093878,
    AUTHOR = {Johnstone, Peter},
     TITLE = {What do {F}reyd's toposes classify?},
   JOURNAL = {Log. Univers.},
  FJOURNAL = {Logica Universalis},
    VOLUME = {7},
      YEAR = {2013},
    NUMBER = {3},
     PAGES = {335--340},
      ISSN = {1661-8297},
   MRCLASS = {03G30 (03E25 18B25)},
  MRNUMBER = {3093878},
MRREVIEWER = {John L. Bell},
       DOI = {10.1007/s11787-013-0085-x},
       URL = {https://doi-org.colorado.idm.oclc.org/10.1007/s11787-013-0085-x},
}
		
@article {MR3065947,
    AUTHOR = {Johnstone, Peter},
     TITLE = {Geometric morphisms of realizability toposes},
   JOURNAL = {Theory Appl. Categ.},
  FJOURNAL = {Theory and Applications of Categories},
    VOLUME = {28},
      YEAR = {2013},
     PAGES = {No. 9, 241--249},
      ISSN = {1201-561X},
   MRCLASS = {18B25 (03D75)},
  MRNUMBER = {3065947},
MRREVIEWER = {Luis Estrada-Gonz\'{a}lez},
}
		
@article {MR3009021,
    AUTHOR = {Johnstone, Peter},
     TITLE = {Calibrated toposes},
   JOURNAL = {Bull. Belg. Math. Soc. Simon Stevin},
  FJOURNAL = {Bulletin of the Belgian Mathematical Society. Simon Stevin},
    VOLUME = {19},
      YEAR = {2012},
    NUMBER = {5},
     PAGES = {891--909},
      ISSN = {1370-1444},
   MRCLASS = {18B25},
  MRNUMBER = {3009021},
MRREVIEWER = {Ioan Tofan},
}
		
@article {MR2805745,
    AUTHOR = {Johnstone, Peter},
     TITLE = {Remarks on punctual local connectedness},
   JOURNAL = {Theory Appl. Categ.},
  FJOURNAL = {Theory and Applications of Categories},
    VOLUME = {25},
      YEAR = {2011},
     PAGES = {No. 3, 51--63},
      ISSN = {1201-561X},
   MRCLASS = {18B25 (18A40)},
  MRNUMBER = {2805745},
MRREVIEWER = {Kimmo I. Rosenthal},
}
		
@article {MR2772599,
    AUTHOR = {Hyland, Martin and Janelidze, George and Johnson, Michael and
              Johnstone, Peter and Lack, Stephen and Street, Ross and
              Tholen, Walter and Wood, Richard},
     TITLE = {Foreword [{S}pecial issue: {D}edicated to the memory of
              {P}rofessor {G}regory {M}axwell {K}elly]},
   JOURNAL = {Appl. Categ. Structures},
  FJOURNAL = {Applied Categorical Structures. A Journal Devoted to
              Applications of Categorical Methods in Algebra, Analysis,
              Order, Topology and Computer Science},
    VOLUME = {19},
      YEAR = {2011},
    NUMBER = {1},
     PAGES = {1--7},
      ISSN = {0927-2852},
   MRCLASS = {01A70},
  MRNUMBER = {2772599},
       DOI = {10.1007/s10485-010-9235-y},
       URL = {https://doi-org.colorado.idm.oclc.org/10.1007/s10485-010-9235-y},
}
		
@article {MR2731253,
    AUTHOR = {Johnstone, Peter T.},
     TITLE = {{\it {R}ealizability: an introduction to its categorical side}
              [book review of MR2479466]},
   JOURNAL = {Bull. Symbolic Logic},
  FJOURNAL = {The Bulletin of Symbolic Logic},
    VOLUME = {16},
      YEAR = {2010},
    NUMBER = {3},
     PAGES = {407--409},
      ISSN = {1079-8986},
   MRCLASS = {00A17},
  MRNUMBER = {2731253},
       DOI = {10.1017/S1079898600000858},
       URL = {https://doi-org.colorado.idm.oclc.org/10.1017/S1079898600000858},
}
		
@article {MR2562778,
    AUTHOR = {Caramello, Olivia and Johnstone, Peter},
     TITLE = {De {M}organ's law and the theory of fields},
   JOURNAL = {Adv. Math.},
  FJOURNAL = {Advances in Mathematics},
    VOLUME = {222},
      YEAR = {2009},
    NUMBER = {6},
     PAGES = {2145--2152},
      ISSN = {0001-8708},
   MRCLASS = {03G30 (12L12)},
  MRNUMBER = {2562778},
MRREVIEWER = {Colin McLarty},
       DOI = {10.1016/j.aim.2009.07.019},
       URL = {https://doi-org.colorado.idm.oclc.org/10.1016/j.aim.2009.07.019},
}
		
@article {MR2527616,
    AUTHOR = {Johnstone, Peter},
     TITLE = {Fixpoint objects need not be {$\Omega$}-discrete},
   JOURNAL = {Georgian Math. J.},
  FJOURNAL = {Georgian Mathematical Journal},
    VOLUME = {16},
      YEAR = {2009},
    NUMBER = {1},
     PAGES = {75--80},
      ISSN = {1072-947X},
   MRCLASS = {18B25 (18D15)},
  MRNUMBER = {2527616},
MRREVIEWER = {Andreas Blass},
}
		
@article {MR2442127,
    AUTHOR = {Johnstone, P. T.},
     TITLE = {On embedding categories in groupoids},
   JOURNAL = {Math. Proc. Cambridge Philos. Soc.},
  FJOURNAL = {Mathematical Proceedings of the Cambridge Philosophical
              Society},
    VOLUME = {145},
      YEAR = {2008},
    NUMBER = {2},
     PAGES = {273--294},
      ISSN = {0305-0041},
   MRCLASS = {18B15 (18B40)},
  MRNUMBER = {2442127},
MRREVIEWER = {Nadia P. Mazza},
       DOI = {10.1017/S0305004108001345},
       URL = {https://doi-org.colorado.idm.oclc.org/10.1017/S0305004108001345},
}
		
@incollection {MR2402334,
    AUTHOR = {Johnstone, Peter T. and Lack, Stephen and Soboci\'{n}ski, Pawe\l },
     TITLE = {Quasitoposes, quasiadhesive categories and {A}rtin glueing},
 BOOKTITLE = {Algebra and coalgebra in computer science},
    SERIES = {Lecture Notes in Comput. Sci.},
    VOLUME = {4624},
     PAGES = {312--326},
 PUBLISHER = {Springer, Berlin},
      YEAR = {2007},
   MRCLASS = {18B25 (68Q42)},
  MRNUMBER = {2402334},
       DOI = {10.1007/978-3-540-73859-6_21},
       URL = {https://doi-org.colorado.idm.oclc.org/10.1007/978-3-540-73859-6_21},
}
		
@article {MR2283017,
    AUTHOR = {Borceux, Francis and Bourn, Dominique and Johnstone, Peter},
     TITLE = {Initial normal covers in bi-{H}eyting toposes},
   JOURNAL = {Arch. Math. (Brno)},
  FJOURNAL = {Universitatis Masarykianae Brunensis. Facultas Scientiarum
              Naturalium. Archivum Mathematicum},
    VOLUME = {42},
      YEAR = {2006},
    NUMBER = {4},
     PAGES = {335--356},
      ISSN = {0044-8753},
   MRCLASS = {18B25 (06D20)},
  MRNUMBER = {2283017},
MRREVIEWER = {Carsten Butz},
}
		
@article {MR2182104,
    AUTHOR = {Johnstone, P. T.},
     TITLE = {Complemented sublocales and open maps},
   JOURNAL = {Ann. Pure Appl. Logic},
  FJOURNAL = {Annals of Pure and Applied Logic},
    VOLUME = {137},
      YEAR = {2006},
    NUMBER = {1-3},
     PAGES = {240--255},
      ISSN = {0168-0072},
   MRCLASS = {18B30 (03G30 06D22 54B30)},
  MRNUMBER = {2182104},
MRREVIEWER = {Steve Awodey},
       DOI = {10.1016/j.apal.2005.05.030},
       URL = {https://doi-org.colorado.idm.oclc.org/10.1016/j.apal.2005.05.030},
}
		
@inproceedings {MR2244487,
    AUTHOR = {Johnstone, P. T.},
     TITLE = {On solubility of sublocales},
 BOOKTITLE = {Proceedings of the 19th {S}ummer {C}onference on {T}opology
              and its {A}pplications},
   JOURNAL = {Topology Proc.},
  FJOURNAL = {Topology Proceedings},
    VOLUME = {29},
      YEAR = {2005},
    NUMBER = {2},
     PAGES = {527--537},
      ISSN = {0146-4124},
   MRCLASS = {06D22 (18B30 54B30)},
  MRNUMBER = {2244487},
MRREVIEWER = {Alejandro G. Petrovich},
}
		
@incollection {MR2075591,
    AUTHOR = {Johnstone, Peter},
     TITLE = {A note on the semiabelian variety of {H}eyting semilattices},
 BOOKTITLE = {Galois theory, {H}opf algebras, and semiabelian categories},
    SERIES = {Fields Inst. Commun.},
    VOLUME = {43},
     PAGES = {317--318},
 PUBLISHER = {Amer. Math. Soc., Providence, RI},
      YEAR = {2004},
   MRCLASS = {08B05 (06D20 18C05)},
  MRNUMBER = {2075591},
}
		
@article {MR2039826,
    AUTHOR = {Carboni, Aurelio and Johnstone, Peter},
     TITLE = {Corrigenda for: ``{C}onnected limits, familial
              representability and {A}rtin glueing'' [{M}ath. {S}tructures
              {C}omput. {S}ci. {\bf 5} (1995), no. 4, 441--459; MR1377312]},
   JOURNAL = {Math. Structures Comput. Sci.},
  FJOURNAL = {Mathematical Structures in Computer Science. A Journal in the
              Applications of Categorical, Algebraic and Geometric Methods
              in Computer Science},
    VOLUME = {14},
      YEAR = {2004},
    NUMBER = {1},
     PAGES = {185--187},
      ISSN = {0960-1295},
   MRCLASS = {18B25 (18A25 18C15)},
  MRNUMBER = {2039826},
       DOI = {10.1017/S0960129503004080},
       URL = {https://doi-org.colorado.idm.oclc.org/10.1017/S0960129503004080},
}
		
@book {MR2063092,
    AUTHOR = {Johnstone, Peter T.},
     TITLE = {Sketches of an elephant: a topos theory compendium. {V}ol. 2},
    SERIES = {Oxford Logic Guides},
    VOLUME = {44},
 PUBLISHER = {The Clarendon Press, Oxford University Press, Oxford},
      YEAR = {2002},
     PAGES = {i--xxii, 469--1089 and I1--I71},
      ISBN = {0-19-851598-7},
   MRCLASS = {18B25 (03B15 03G30 18-02 54A05)},
  MRNUMBER = {2063092},
MRREVIEWER = {Colin McLarty},
}
		
@book {MR1953060,
    AUTHOR = {Johnstone, Peter T.},
     TITLE = {Sketches of an elephant: a topos theory compendium. {V}ol. 1},
    SERIES = {Oxford Logic Guides},
    VOLUME = {43},
 PUBLISHER = {The Clarendon Press, Oxford University Press, New York},
      YEAR = {2002},
     PAGES = {xxii+468+71},
      ISBN = {0-19-853425-6},
   MRCLASS = {18B25 (18-02)},
  MRNUMBER = {1953060},
MRREVIEWER = {Colin McLarty},
}
		
@incollection {MR1900266,
    AUTHOR = {Johnstone, Peter},
     TITLE = {Elements of the history of locale theory},
 BOOKTITLE = {Handbook of the history of general topology, {V}ol. 3},
    SERIES = {Hist. Topol.},
    VOLUME = {3},
     PAGES = {835--851},
 PUBLISHER = {Kluwer Acad. Publ., Dordrecht},
      YEAR = {2001},
   MRCLASS = {01A60 (03-03 06-03 06D22 18-03 54-03)},
  MRNUMBER = {1900266},
MRREVIEWER = {J\v{i}r\'{i} Rosick\'{y}},
}
		
@article {MR1827934,
    AUTHOR = {Johnstone, Peter and Power, John and Tsujishita, Toru and
              Watanabe, Hiroshi and Worrell, James},
     TITLE = {On the structure of categories of coalgebras},
      NOTE = {Coalgebraic methods in computer science (Lisbon, 1998)},
   JOURNAL = {Theoret. Comput. Sci.},
  FJOURNAL = {Theoretical Computer Science},
    VOLUME = {260},
      YEAR = {2001},
    NUMBER = {1-2},
     PAGES = {87--117},
      ISSN = {0304-3975},
   MRCLASS = {18C05 (18A30 68Q65)},
  MRNUMBER = {1827934},
MRREVIEWER = {H.-J. Hoehnke},
       DOI = {10.1016/S0304-3975(00)00124-9},
       URL = {https://doi-org.colorado.idm.oclc.org/10.1016/S0304-3975(00)00124-9},
}
		
@article {MR1785835,
    AUTHOR = {Johnstone, Peter},
     TITLE = {An ``unsitely'' result on atomic morphisms},
      NOTE = {Papers in honour of Bernhard Banaschewski (Cape Town, 1996)},
   JOURNAL = {Appl. Categ. Structures},
  FJOURNAL = {Applied Categorical Structures. A Journal Devoted to
              Applications of Categorical Methods in Algebra, Analysis,
              Order, Topology and Computer Science},
    VOLUME = {8},
      YEAR = {2000},
    NUMBER = {1-2},
     PAGES = {7--15},
      ISSN = {0927-2852},
   MRCLASS = {18B25},
  MRNUMBER = {1785835},
       DOI = {10.1023/A:1008640630668},
       URL = {https://doi-org.colorado.idm.oclc.org/10.1023/A:1008640630668},
}
		
@article {MR1667312,
    AUTHOR = {Johnstone, Peter},
     TITLE = {A note on discrete {C}onduch\'{e} fibrations},
   JOURNAL = {Theory Appl. Categ.},
  FJOURNAL = {Theory and Applications of Categories},
    VOLUME = {5},
      YEAR = {1999},
     PAGES = {No. 1, 1--11},
      ISSN = {1201-561X},
   MRCLASS = {18A22 (18B25)},
  MRNUMBER = {1667312},
MRREVIEWER = {Kimmo I. Rosenthal},
}
		
@incollection {MR1659598,
    AUTHOR = {Johnstone, Peter and Power, John and Tsujishita, Toru and
              Watanabe, Hiroshi and Worrell, James},
     TITLE = {An axiomatics for categories of transition systems as
              coalgebras},
 BOOKTITLE = {Thirteenth {A}nnual {IEEE} {S}ymposium on {L}ogic in
              {C}omputer {S}cience ({I}ndianapolis, {IN}, 1998)},
     PAGES = {207--213},
 PUBLISHER = {IEEE Computer Soc., Los Alamitos, CA},
      YEAR = {1998},
   MRCLASS = {68Q55 (03B70 18B05 68Q10)},
  MRNUMBER = {1659598},
       DOI = {10.1109/LICS.1998.705657},
       URL = {https://doi-org.colorado.idm.oclc.org/10.1109/LICS.1998.705657},
}
		
@article {MR1601618,
    AUTHOR = {Butz, Carsten and Johnstone, Peter},
     TITLE = {Classifying toposes for first-order theories},
   JOURNAL = {Ann. Pure Appl. Logic},
  FJOURNAL = {Annals of Pure and Applied Logic},
    VOLUME = {91},
      YEAR = {1998},
    NUMBER = {1},
     PAGES = {33--58},
      ISSN = {0168-0072},
   MRCLASS = {03G30 (03C75 18B25)},
  MRNUMBER = {1601618},
MRREVIEWER = {Anna Labella},
       DOI = {10.1016/S0168-0072(97)00042-0},
       URL = {https://doi-org.colorado.idm.oclc.org/10.1016/S0168-0072(97)00042-0},
}
		
@article {MR1472119,
    AUTHOR = {Ad\'{a}mek, J. and Johnstone, P. T. and Makowsky, J. A. and
              Rosick\'{y}, J.},
     TITLE = {Finitary sketches},
   JOURNAL = {J. Symbolic Logic},
  FJOURNAL = {The Journal of Symbolic Logic},
    VOLUME = {62},
      YEAR = {1997},
    NUMBER = {3},
     PAGES = {699--707},
      ISSN = {0022-4812},
   MRCLASS = {03G30 (03C75 03C95 18C10 68Q65)},
  MRNUMBER = {1472119},
MRREVIEWER = {Leo Esakia},
       DOI = {10.2307/2275568},
       URL = {https://doi-org.colorado.idm.oclc.org/10.2307/2275568},
}
		
@article {MR1437621,
    AUTHOR = {Johnstone, Peter},
     TITLE = {Cartesian monads on toposes},
      NOTE = {Special volume on the occasion of the 60th birthday of
              Professor Peter J. Freyd},
   JOURNAL = {J. Pure Appl. Algebra},
  FJOURNAL = {Journal of Pure and Applied Algebra},
    VOLUME = {116},
      YEAR = {1997},
    NUMBER = {1-3},
     PAGES = {199--220},
      ISSN = {0022-4049},
   MRCLASS = {18B25 (18C15)},
  MRNUMBER = {1437621},
MRREVIEWER = {J. R. Isbell},
       DOI = {10.1016/S0022-4049(96)00165-X},
       URL = {https://doi-org.colorado.idm.oclc.org/10.1016/S0022-4049(96)00165-X},
}
		
@article {MR1437609,
    AUTHOR = {Johnstone, Peter},
     TITLE = {Editorial [{O}n the sixtieth birthday of {P}eter {J}.
              {F}reyd]},
      NOTE = {Special volume on the occasion of the 60th birthday of
              Professor Peter J. Freyd},
   JOURNAL = {J. Pure Appl. Algebra},
  FJOURNAL = {Journal of Pure and Applied Algebra},
    VOLUME = {116},
      YEAR = {1997},
    NUMBER = {1-3},
     PAGES = {1--2},
      ISSN = {0022-4049},
   MRCLASS = {01A70},
  MRNUMBER = {1437609},
       DOI = {10.1016/S0022-4049(96)00158-2},
       URL = {https://doi-org.colorado.idm.oclc.org/10.1016/S0022-4049(96)00158-2},
}
		
@article {MR1414429,
    AUTHOR = {Johnstone, P. T.},
     TITLE = {Remarks on quintessential and persistent localizations},
   JOURNAL = {Theory Appl. Categ.},
  FJOURNAL = {Theory and Applications of Categories},
    VOLUME = {2},
      YEAR = {1996},
     PAGES = {No. 8, 90--99},
      ISSN = {1201-561X},
   MRCLASS = {18A40 (18B25)},
  MRNUMBER = {1414429},
MRREVIEWER = {J\"{u}rgen Koslowski},
}
		
@article {MR1377312,
    AUTHOR = {Carboni, Aurelio and Johnstone, Peter},
     TITLE = {Connected limits, familial representability and {A}rtin
              glueing},
      NOTE = {Fifth Biennial Meeting on Category Theory and Computer Science
              (Amsterdam, 1993)},
   JOURNAL = {Math. Structures Comput. Sci.},
  FJOURNAL = {Mathematical Structures in Computer Science. A Journal in the
              Applications of Categorical, Algebraic and Geometric Methods
              in Computer Science},
    VOLUME = {5},
      YEAR = {1995},
    NUMBER = {4},
     PAGES = {441--459},
      ISSN = {0960-1295},
   MRCLASS = {18B25 (18A35 18C15)},
  MRNUMBER = {1377312},
       DOI = {10.1017/S0960129500001183},
       URL = {https://doi-org.colorado.idm.oclc.org/10.1017/S0960129500001183},
}
		
@article {MR1311050,
    AUTHOR = {Johnstone, P. T.},
     TITLE = {Variations on the bagdomain theme},
      NOTE = {Selected papers of the Meeting on the Mathematical Foundations
              of Programming Semantics (MFPS '92), Part II (Oxford, 1992)},
   JOURNAL = {Theoret. Comput. Sci.},
  FJOURNAL = {Theoretical Computer Science},
    VOLUME = {136},
      YEAR = {1994},
    NUMBER = {1},
     PAGES = {3--20},
      ISSN = {0304-3975},
   MRCLASS = {68Q55},
  MRNUMBER = {1311050},
MRREVIEWER = {Dietrich Kuske},
       DOI = {10.1016/0304-3975(94)00120-8},
       URL = {https://doi-org.colorado.idm.oclc.org/10.1016/0304-3975(94)00120-8},
}
		
@inproceedings {MR1346326,
    AUTHOR = {Johnstone, P. T. and Pedicchio, M. C.},
     TITLE = {Remarks on continuous {M}al\cprime cev algebras},
 BOOKTITLE = {Proceedings of the {E}leventh {I}nternational {C}onference of
              {T}opology ({T}rieste, 1993)},
   JOURNAL = {Rend. Istit. Mat. Univ. Trieste},
  FJOURNAL = {Rendiconti dell'Istituto di Matematica dell'Universit\`a di
              Trieste. An International Journal of Mathematics},
    VOLUME = {25},
      YEAR = {1993},
    NUMBER = {1-2},
     PAGES = {277--297 (1994)},
      ISSN = {0049-4704},
   MRCLASS = {22A30 (17D10 18B30 54B30)},
  MRNUMBER = {1346326},
MRREVIEWER = {J. R. Isbell},
}
		
@article {MR1245798,
    AUTHOR = {Johnstone, P. T.},
     TITLE = {Fibrations and partial products in a {$2$}-category},
   JOURNAL = {Appl. Categ. Structures},
  FJOURNAL = {Applied Categorical Structures. A Journal Devoted to
              Applications of Categorical Methods in Algebra, Analysis,
              Order, Topology and Computer Science},
    VOLUME = {1},
      YEAR = {1993},
    NUMBER = {2},
     PAGES = {141--179},
      ISSN = {0927-2852},
   MRCLASS = {18D05 (18A30 18B25 18D30)},
  MRNUMBER = {1245798},
MRREVIEWER = {Edmund Robinson},
       DOI = {10.1007/BF00880041},
       URL = {https://doi-org.colorado.idm.oclc.org/10.1007/BF00880041},
}
		
@incollection {MR1176971,
    AUTHOR = {Johnstone, P. T.},
     TITLE = {Partial products, bagdomains and hyperlocal toposes},
 BOOKTITLE = {Applications of categories in computer science ({D}urham,
              1991)},
    SERIES = {London Math. Soc. Lecture Note Ser.},
    VOLUME = {177},
     PAGES = {315--339},
 PUBLISHER = {Cambridge Univ. Press, Cambridge},
      YEAR = {1992},
   MRCLASS = {68P15 (18B25)},
  MRNUMBER = {1176971},
       DOI = {10.1017/CBO9780511525902.018},
       URL = {https://doi-org.colorado.idm.oclc.org/10.1017/CBO9780511525902.018},
}
		
@incollection {MR1173013,
    AUTHOR = {Johnstone, Peter and Vickers, Steven},
     TITLE = {Preframe presentations present},
 BOOKTITLE = {Category theory ({C}omo, 1990)},
    SERIES = {Lecture Notes in Math.},
    VOLUME = {1488},
     PAGES = {193--212},
 PUBLISHER = {Springer, Berlin},
      YEAR = {1991},
   MRCLASS = {06B35 (08A65 18B30)},
  MRNUMBER = {1173013},
MRREVIEWER = {J\v{i}r\'{i} Rosick\'{y}},
       DOI = {10.1007/BFb0084221},
       URL = {https://doi-org.colorado.idm.oclc.org/10.1007/BFb0084221},
}
		
@incollection {MR1147920,
    AUTHOR = {Johnstone, P. T.},
     TITLE = {The art of pointless thinking: a student's guide to the
              category of locales},
 BOOKTITLE = {Category theory at work ({B}remen, 1990)},
    SERIES = {Res. Exp. Math.},
    VOLUME = {18},
     PAGES = {85--107},
 PUBLISHER = {Heldermann, Berlin},
      YEAR = {1991},
   MRCLASS = {18B30 (06A23 54A05)},
  MRNUMBER = {1147920},
MRREVIEWER = {Ieke Moerdijk},
}
		
@incollection {MR1142803,
    AUTHOR = {Johnstone, Peter T.},
     TITLE = {A constructive theory of uniform locales. {I}. {U}niform
              covers},
 BOOKTITLE = {General topology and applications ({S}taten {I}sland, {NY},
              1989)},
    SERIES = {Lecture Notes in Pure and Appl. Math.},
    VOLUME = {134},
     PAGES = {179--193},
 PUBLISHER = {Dekker, New York},
      YEAR = {1991},
   MRCLASS = {18B30 (03F65 06D99 54B30)},
  MRNUMBER = {1142803},
MRREVIEWER = {J\v{i}r\'{i} Rosick\'{y}},
}
		
@article {MR1142684,
    AUTHOR = {Jibladze, M. and Johnstone, P. T.},
     TITLE = {The frame of fibrewise closed nuclei},
   JOURNAL = {Cahiers Topologie G\'{e}om. Diff\'{e}rentielle Cat\'{e}g.},
  FJOURNAL = {Cahiers de Topologie et G\'{e}om\'{e}trie Diff\'{e}rentielle Cat\'{e}goriques},
    VOLUME = {32},
      YEAR = {1991},
    NUMBER = {2},
     PAGES = {99--112},
      ISSN = {0008-0004},
   MRCLASS = {18B30 (06D99 54B30)},
  MRNUMBER = {1142684},
MRREVIEWER = {J\v{i}r\'{i} Rosick\'{y}},
}
		
@inproceedings {MR1100509,
    AUTHOR = {Johnstone, Peter T.},
     TITLE = {The ``closed subgroup theorem'' for localic herds and
              pregroupoids},
 BOOKTITLE = {Proceedings of the {C}onference on {L}ocales and {T}opological
              {G}roups ({C}ura\c{c}ao, 1989)},
   JOURNAL = {J. Pure Appl. Algebra},
  FJOURNAL = {Journal of Pure and Applied Algebra},
    VOLUME = {70},
      YEAR = {1991},
    NUMBER = {1-2},
     PAGES = {97--106},
      ISSN = {0022-4049},
   MRCLASS = {22A30 (06D99 20L15 20N05)},
  MRNUMBER = {1100509},
MRREVIEWER = {J\v{i}r\'{i} Rosick\'{y}},
       DOI = {10.1016/0022-4049(91)90010-Y},
       URL = {https://doi-org.colorado.idm.oclc.org/10.1016/0022-4049(91)90010-Y},
}
		
@article {MR1101777,
    AUTHOR = {Johnstone, P. T.},
     TITLE = {Two notes on nuclei},
   JOURNAL = {Order},
  FJOURNAL = {Order. A Journal on the Theory of Ordered Sets and its
              Applications},
    VOLUME = {7},
      YEAR = {1990},
    NUMBER = {2},
     PAGES = {205--210},
      ISSN = {0167-8094},
   MRCLASS = {06D20},
  MRNUMBER = {1101777},
MRREVIEWER = {J\v{i}r\'{i} Rosick\'{y}},
       DOI = {10.1007/BF00383767},
       URL = {https://doi-org.colorado.idm.oclc.org/10.1007/BF00383767},
}
		
@article {MR1074712,
    AUTHOR = {Johnstone, P. T.},
     TITLE = {Fibrewise separation axioms for locales},
   JOURNAL = {Math. Proc. Cambridge Philos. Soc.},
  FJOURNAL = {Mathematical Proceedings of the Cambridge Philosophical
              Society},
    VOLUME = {108},
      YEAR = {1990},
    NUMBER = {2},
     PAGES = {247--256},
      ISSN = {0305-0041},
   MRCLASS = {06D20 (18B99)},
  MRNUMBER = {1074712},
MRREVIEWER = {J. R. Isbell},
       DOI = {10.1017/S0305004100069115},
       URL = {https://doi-org.colorado.idm.oclc.org/10.1017/S0305004100069115},
}
		
@article {MR1040948,
    AUTHOR = {Johnstone, Peter T.},
     TITLE = {Collapsed toposes and {C}artesian closed varieties},
   JOURNAL = {J. Algebra},
  FJOURNAL = {Journal of Algebra},
    VOLUME = {129},
      YEAR = {1990},
    NUMBER = {2},
     PAGES = {446--480},
      ISSN = {0021-8693},
   MRCLASS = {18C20 (08C05 18B25)},
  MRNUMBER = {1040948},
MRREVIEWER = {Ieke Moerdijk},
       DOI = {10.1016/0021-8693(90)90230-L},
       URL = {https://doi-org.colorado.idm.oclc.org/10.1016/0021-8693(90)90230-L},
}
		
@incollection {MR1047889,
    AUTHOR = {Johnstone, Peter T.},
     TITLE = {Collapsed toposes as bitopological spaces},
 BOOKTITLE = {Categorical topology and its relation to analysis, algebra and
              combinatorics ({P}rague, 1988)},
     PAGES = {19--35},
 PUBLISHER = {World Sci. Publ., Teaneck, NJ},
      YEAR = {1989},
   MRCLASS = {18B25 (54E55)},
  MRNUMBER = {1047889},
MRREVIEWER = {Ieke Moerdijk},
}
		
@article {MR1027744,
    AUTHOR = {Johnstone, Peter T.},
     TITLE = {Affine categories and naturally {M}al\cprime cev categories},
   JOURNAL = {J. Pure Appl. Algebra},
  FJOURNAL = {Journal of Pure and Applied Algebra},
    VOLUME = {61},
      YEAR = {1989},
    NUMBER = {3},
     PAGES = {251--256},
      ISSN = {0022-4049},
   MRCLASS = {18E05 (18A10 18B40)},
  MRNUMBER = {1027744},
MRREVIEWER = {S. B. Niefield},
       DOI = {10.1016/0022-4049(89)90075-3},
       URL = {https://doi-org.colorado.idm.oclc.org/10.1016/0022-4049(89)90075-3},
}
		
@article {MR1004604,
    AUTHOR = {Johnstone, P. T.},
     TITLE = {A topos-theorist looks at dilators},
   JOURNAL = {J. Pure Appl. Algebra},
  FJOURNAL = {Journal of Pure and Applied Algebra},
    VOLUME = {58},
      YEAR = {1989},
    NUMBER = {3},
     PAGES = {235--249},
      ISSN = {0022-4049},
   MRCLASS = {18B25 (03G30)},
  MRNUMBER = {1004604},
MRREVIEWER = {Kimmo I. Rosenthal},
       DOI = {10.1016/0022-4049(89)90039-X},
       URL = {https://doi-org.colorado.idm.oclc.org/10.1016/0022-4049(89)90039-X},
}
		
@article {MR1000828,
    AUTHOR = {Johnstone, Peter T.},
     TITLE = {A constructive ``closed subgroup theorem'' for localic groups
              and groupoids},
   JOURNAL = {Cahiers Topologie G\'{e}om. Diff\'{e}rentielle Cat\'{e}g.},
  FJOURNAL = {Cahiers de Topologie et G\'{e}om\'{e}trie Diff\'{e}rentielle Cat\'{e}goriques},
    VOLUME = {30},
      YEAR = {1989},
    NUMBER = {1},
     PAGES = {3--23},
      ISSN = {0008-0004},
   MRCLASS = {22A99 (03G30 18B25 54H99)},
  MRNUMBER = {1000828},
MRREVIEWER = {J\v{i}r\'{i} Rosick\'{y}},
}
		
@article {MR977478,
    AUTHOR = {Johnstone, P. T. and Moerdijk, I.},
     TITLE = {Local maps of toposes},
   JOURNAL = {Proc. London Math. Soc. (3)},
  FJOURNAL = {Proceedings of the London Mathematical Society. Third Series},
    VOLUME = {58},
      YEAR = {1989},
    NUMBER = {2},
     PAGES = {281--305},
      ISSN = {0024-6115},
   MRCLASS = {18B25},
  MRNUMBER = {977478},
MRREVIEWER = {Kimmo I. Rosenthal},
       DOI = {10.1112/plms/s3-58.2.281},
       URL = {https://doi-org.colorado.idm.oclc.org/10.1112/plms/s3-58.2.281},
}
		
@article {MR966134,
    AUTHOR = {Johnstone, P. T. and Robinson, E. P.},
     TITLE = {A note on inequivalence of realizability toposes},
   JOURNAL = {Math. Proc. Cambridge Philos. Soc.},
  FJOURNAL = {Mathematical Proceedings of the Cambridge Philosophical
              Society},
    VOLUME = {105},
      YEAR = {1989},
    NUMBER = {1},
     PAGES = {1--3},
      ISSN = {0305-0041},
   MRCLASS = {03G30},
  MRNUMBER = {966134},
MRREVIEWER = {Wim Ruitenburg},
       DOI = {10.1017/S0305004100001304},
       URL = {https://doi-org.colorado.idm.oclc.org/10.1017/S0305004100001304},
}
		
@incollection {MR975969,
    AUTHOR = {Johnstone, Peter and Sun, Shu Hao},
     TITLE = {Weak products and {H}ausdorff locales},
 BOOKTITLE = {Categorical algebra and its applications
              ({L}ouvain-{L}a-{N}euve, 1987)},
    SERIES = {Lecture Notes in Math.},
    VOLUME = {1348},
     PAGES = {173--193},
 PUBLISHER = {Springer, Berlin},
      YEAR = {1988},
   MRCLASS = {54B99 (06D99 18B99)},
  MRNUMBER = {975969},
MRREVIEWER = {J\v{i}r\'{i} Rosick\'{y}},
       DOI = {10.1007/BFb0081358},
       URL = {https://doi-org.colorado.idm.oclc.org/10.1007/BFb0081358},
}
		
@article {MR943899,
    AUTHOR = {Johnstone, P. T.},
     TITLE = {A simple proof that localic subgroups are closed},
   JOURNAL = {Cahiers Topologie G\'{e}om. Diff\'{e}rentielle Cat\'{e}g.},
  FJOURNAL = {Cahiers de Topologie et G\'{e}om\'{e}trie Diff\'{e}rentielle Cat\'{e}goriques},
    VOLUME = {29},
      YEAR = {1988},
    NUMBER = {2},
     PAGES = {157--161},
      ISSN = {0008-0004},
   MRCLASS = {18D35 (22A99)},
  MRNUMBER = {943899},
MRREVIEWER = {J\v{i}r\'{i} Rosick\'{y}},
}
		
@book {MR923115,
    AUTHOR = {Johnstone, P. T.},
     TITLE = {Notes on logic and set theory},
    SERIES = {Cambridge Mathematical Textbooks},
 PUBLISHER = {Cambridge University Press, Cambridge},
      YEAR = {1987},
     PAGES = {x+111},
      ISBN = {0-521-33502-7; 0-521-33692-9},
   MRCLASS = {03-01 (04-01)},
  MRNUMBER = {923115},
MRREVIEWER = {R. E. Edwards},
       DOI = {10.1017/CBO9781139172066},
       URL = {https://doi-org.colorado.idm.oclc.org/10.1017/CBO9781139172066},
}
		
@book {MR881798,
    AUTHOR = {Dzhonston, P. T.},
     TITLE = {{\cyr Teoriya toposov}},
      NOTE = {Translated from the English by A. P. Gagarin and V. V.
              Shokurov,
              Translation edited and with a preface by Yu. I. Manin,
              With a supplement by V. A. Lyubetski\u{\i}},
 PUBLISHER = {``Nauka'', Moscow},
      YEAR = {1986},
     PAGES = {439},
   MRCLASS = {18B25},
  MRNUMBER = {881798},
}
		
@book {MR861951,
    AUTHOR = {Johnstone, Peter T.},
     TITLE = {Stone spaces},
    SERIES = {Cambridge Studies in Advanced Mathematics},
    VOLUME = {3},
      NOTE = {Reprint of the 1982 edition},
 PUBLISHER = {Cambridge University Press, Cambridge},
      YEAR = {1986},
     PAGES = {xxii+370},
      ISBN = {0-521-33779-8},
   MRCLASS = {54-02 (06E15 18-02 46E05)},
  MRNUMBER = {861951},
}
		
@article {MR838649,
    AUTHOR = {Johnstone, P. T.},
     TITLE = {100 not out},
   JOURNAL = {Math. Proc. Cambridge Philos. Soc.},
  FJOURNAL = {Mathematical Proceedings of the Cambridge Philosophical
              Society},
    VOLUME = {100},
      YEAR = {1986},
    NUMBER = {1},
     PAGES = {1--4},
      ISSN = {0305-0041},
   MRCLASS = {01A74},
  MRNUMBER = {838649},
       DOI = {10.1017/S0305004100065828},
       URL = {https://doi-org.colorado.idm.oclc.org/10.1017/S0305004100065828},
}
		
@article {MR855739,
    AUTHOR = {Johnstone, P. T.},
     TITLE = {When is a variety a topos?},
   JOURNAL = {Algebra Universalis},
  FJOURNAL = {Algebra Universalis},
    VOLUME = {21},
      YEAR = {1985},
    NUMBER = {2-3},
     PAGES = {198--212},
      ISSN = {0002-5240},
   MRCLASS = {18B25 (03G30 08C05 18C05 18F20)},
  MRNUMBER = {855739},
MRREVIEWER = {F. E. J. Linton},
       DOI = {10.1007/BF01188056},
       URL = {https://doi-org.colorado.idm.oclc.org/10.1007/BF01188056},
}
		
@incollection {MR826000,
    AUTHOR = {Johnstone, Peter T.},
     TITLE = {Vietoris locales and localic semilattices},
 BOOKTITLE = {Continuous lattices and their applications ({B}remen, 1982)},
    SERIES = {Lecture Notes in Pure and Appl. Math.},
    VOLUME = {101},
     PAGES = {155--180},
 PUBLISHER = {Dekker, New York},
      YEAR = {1985},
   MRCLASS = {54B20 (06B35 18B25 18C15)},
  MRNUMBER = {826000},
MRREVIEWER = {J. R. Isbell},
}
		
@incollection {MR787824,
    AUTHOR = {Johnstone, Peter T.},
     TITLE = {How general is a generalized space?},
 BOOKTITLE = {Aspects of topology},
    SERIES = {London Math. Soc. Lecture Note Ser.},
    VOLUME = {93},
     PAGES = {77--111},
 PUBLISHER = {Cambridge Univ. Press, Cambridge},
      YEAR = {1985},
   MRCLASS = {03G30 (18B25 54A05)},
  MRNUMBER = {787824},
MRREVIEWER = {M. M. Richter},
}
		
@article {MR761975,
    AUTHOR = {Johnstone, P. T.},
     TITLE = {Almost maximal ideals},
   JOURNAL = {Fund. Math.},
  FJOURNAL = {Polska Akademia Nauk. Fundamenta Mathematicae},
    VOLUME = {123},
      YEAR = {1984},
    NUMBER = {3},
     PAGES = {197--209},
      ISSN = {0016-2736},
   MRCLASS = {03E25 (06B10 06B35 06D05 54B10)},
  MRNUMBER = {761975},
MRREVIEWER = {H. A. Priestley},
       DOI = {10.4064/fm-123-3-197-209},
       URL = {https://doi-org.colorado.idm.oclc.org/10.4064/fm-123-3-197-209},
}
		
@incollection {MR749770,
    AUTHOR = {Johnstone, Peter T.},
     TITLE = {Open locales and exponentiation},
 BOOKTITLE = {Mathematical applications of category theory ({D}enver,
              {C}ol., 1983)},
    SERIES = {Contemp. Math.},
    VOLUME = {30},
     PAGES = {84--116},
 PUBLISHER = {Amer. Math. Soc., Providence, RI},
      YEAR = {1984},
   MRCLASS = {18B30 (03F65 54B30 54C35 54D45 54D50)},
  MRNUMBER = {749770},
MRREVIEWER = {F. E. J. Linton},
       DOI = {10.1090/conm/030/749770},
       URL = {https://doi-org.colorado.idm.oclc.org/10.1090/conm/030/749770},
}
		
@article {MR744904,
    AUTHOR = {Johnstone, Peter T.},
     TITLE = {Wallman compactification of locales},
   JOURNAL = {Houston J. Math.},
  FJOURNAL = {Houston Journal of Mathematics},
    VOLUME = {10},
      YEAR = {1984},
    NUMBER = {2},
     PAGES = {201--206},
      ISSN = {0362-1588},
   MRCLASS = {18B25},
  MRNUMBER = {744904},
MRREVIEWER = {J. R. Isbell},
}
		
@article {MR698346,
    AUTHOR = {Johnstone, Peter T.},
     TITLE = {Quotients of decidable objects in a topos},
   JOURNAL = {Math. Proc. Cambridge Philos. Soc.},
  FJOURNAL = {Mathematical Proceedings of the Cambridge Philosophical
              Society},
    VOLUME = {93},
      YEAR = {1983},
    NUMBER = {3},
     PAGES = {409--419},
      ISSN = {0305-0041},
   MRCLASS = {18B25 (03G30 18F10)},
  MRNUMBER = {698346},
MRREVIEWER = {Andrej \v{S}\v{c}edrov},
       DOI = {10.1017/S0305004100060734},
       URL = {https://doi-org.colorado.idm.oclc.org/10.1017/S0305004100060734},
}
		
@article {MR682820,
    AUTHOR = {Johnstone, Peter T.},
     TITLE = {The point of pointless topology},
   JOURNAL = {Bull. Amer. Math. Soc. (N.S.)},
  FJOURNAL = {American Mathematical Society. Bulletin. New Series},
    VOLUME = {8},
      YEAR = {1983},
    NUMBER = {1},
     PAGES = {41--53},
      ISSN = {0273-0979},
   MRCLASS = {01A65 (18B25 54A05)},
  MRNUMBER = {682820},
MRREVIEWER = {Marta C. Bunge},
       DOI = {10.1090/S0273-0979-1983-15080-2},
       URL = {https://doi-org.colorado.idm.oclc.org/10.1090/S0273-0979-1983-15080-2},
}
		
@book {MR698074,
    AUTHOR = {Johnstone, Peter T.},
     TITLE = {Stone spaces},
    SERIES = {Cambridge Studies in Advanced Mathematics},
    VOLUME = {3},
 PUBLISHER = {Cambridge University Press, Cambridge},
      YEAR = {1982},
     PAGES = {xxi+370},
      ISBN = {0-521-23893-5},
   MRCLASS = {54-02 (06Dxx 18B30)},
  MRNUMBER = {698074},
MRREVIEWER = {Andreas Blass},
}
		
@article {MR666021,
    AUTHOR = {Johnstone, Peter and Joyal, Andr\'{e}},
     TITLE = {Continuous categories and exponentiable toposes},
   JOURNAL = {J. Pure Appl. Algebra},
  FJOURNAL = {Journal of Pure and Applied Algebra},
    VOLUME = {25},
      YEAR = {1982},
    NUMBER = {3},
     PAGES = {255--296},
      ISSN = {0022-4049},
   MRCLASS = {18F20 (03G30 06B30)},
  MRNUMBER = {666021},
MRREVIEWER = {J. R. Isbell},
       DOI = {10.1016/0022-4049(82)90083-4},
       URL = {https://doi-org.colorado.idm.oclc.org/10.1016/0022-4049(82)90083-4},
}
		
@incollection {MR659894,
    AUTHOR = {Johnstone, Peter T.},
     TITLE = {Factorization theorems for geometric morphisms. {II}},
 BOOKTITLE = {Categorical aspects of topology and analysis ({O}ttawa,
              {O}nt., 1980)},
    SERIES = {Lecture Notes in Math.},
    VOLUME = {915},
     PAGES = {216--233},
 PUBLISHER = {Springer, Berlin-New York},
      YEAR = {1982},
   MRCLASS = {18B25 (54B30)},
  MRNUMBER = {659894},
MRREVIEWER = {R. H. Street},
}
		
@article {MR651424,
    AUTHOR = {Adelman, M. and Johnstone, P. T.},
     TITLE = {Serre classes for toposes},
   JOURNAL = {Bull. Austral. Math. Soc.},
  FJOURNAL = {Bulletin of the Australian Mathematical Society},
    VOLUME = {25},
      YEAR = {1982},
    NUMBER = {1},
     PAGES = {103--115},
      ISSN = {0004-9727},
   MRCLASS = {18E35 (03G30 18B25)},
  MRNUMBER = {651424},
MRREVIEWER = {Marta C. Bunge},
       DOI = {10.1017/S0004972700005086},
       URL = {https://doi-org.colorado.idm.oclc.org/10.1017/S0004972700005086},
}
		
@article {MR641111,
    AUTHOR = {Johnstone, P. T.},
     TITLE = {Tychonoff's theorem without the axiom of choice},
   JOURNAL = {Fund. Math.},
  FJOURNAL = {Polska Akademia Nauk. Fundamenta Mathematicae},
    VOLUME = {113},
      YEAR = {1981},
    NUMBER = {1},
     PAGES = {21--35},
      ISSN = {0016-2736},
   MRCLASS = {03E25 (03G30 54B10 54D30)},
  MRNUMBER = {641111},
MRREVIEWER = {Andreas Blass},
       DOI = {10.4064/fm-113-1-21-35},
       URL = {https://doi-org.colorado.idm.oclc.org/10.4064/fm-113-1-21-35},
}
		
@article {MR629332,
    AUTHOR = {Johnstone, P. T.},
     TITLE = {The {G}leason cover of a topos. {II}},
   JOURNAL = {J. Pure Appl. Algebra},
  FJOURNAL = {Journal of Pure and Applied Algebra},
    VOLUME = {22},
      YEAR = {1981},
    NUMBER = {3},
     PAGES = {229--247},
      ISSN = {0022-4049},
   MRCLASS = {18B25 (03G30 54C10 54G05)},
  MRNUMBER = {629332},
MRREVIEWER = {Andreas Blass},
       DOI = {10.1016/0022-4049(81)90100-6},
       URL = {https://doi-org.colorado.idm.oclc.org/10.1016/0022-4049(81)90100-6},
}
		
@article {MR609154,
    AUTHOR = {Johnstone, P. T.},
     TITLE = {Factorization theorems for geometric morphisms. {I}},
      NOTE = {Third Colloquium on Categories (Amiens, 1980), Part II},
   JOURNAL = {Cahiers Topologie G\'{e}om. Diff\'{e}rentielle},
  FJOURNAL = {Cahiers de Topologie et G\'{e}om\'{e}trie Diff\'{e}rentielle},
    VOLUME = {22},
      YEAR = {1981},
    NUMBER = {1},
     PAGES = {3--17},
      ISSN = {0008-0004},
   MRCLASS = {18B25},
  MRNUMBER = {609154},
MRREVIEWER = {R. H. Street},
}
		
@article {MR593253,
    AUTHOR = {Johnstone, P. T.},
     TITLE = {The {G}leason cover of a topos. {I}},
   JOURNAL = {J. Pure Appl. Algebra},
  FJOURNAL = {Journal of Pure and Applied Algebra},
    VOLUME = {19},
      YEAR = {1980},
     PAGES = {171--192},
      ISSN = {0022-4049},
   MRCLASS = {18B25 (03G30 54G05)},
  MRNUMBER = {593253},
MRREVIEWER = {Andreas Blass},
       DOI = {10.1016/0022-4049(80)90100-0},
       URL = {https://doi-org.colorado.idm.oclc.org/10.1016/0022-4049(80)90100-0},
}
		
@article {MR578267,
    AUTHOR = {Hyland, J. M. E. and Johnstone, P. T. and Pitts, A. M.},
     TITLE = {Tripos theory},
   JOURNAL = {Math. Proc. Cambridge Philos. Soc.},
  FJOURNAL = {Mathematical Proceedings of the Cambridge Philosophical
              Society},
    VOLUME = {88},
      YEAR = {1980},
    NUMBER = {2},
     PAGES = {205--231},
      ISSN = {0305-0041},
   MRCLASS = {03G30 (18B25)},
  MRNUMBER = {578267},
MRREVIEWER = {Anna Labella},
       DOI = {10.1017/S0305004100057534},
       URL = {https://doi-org.colorado.idm.oclc.org/10.1017/S0305004100057534},
}
		
@article {MR576498,
    AUTHOR = {Johnstone, Peter T.},
     TITLE = {Open maps of toposes},
   JOURNAL = {Manuscripta Math.},
  FJOURNAL = {Manuscripta Mathematica},
    VOLUME = {31},
      YEAR = {1980},
    NUMBER = {1-3},
     PAGES = {217--247},
      ISSN = {0025-2611},
   MRCLASS = {18B25 (03G30)},
  MRNUMBER = {576498},
MRREVIEWER = {M. Barr},
       DOI = {10.1007/BF01303275},
       URL = {https://doi-org.colorado.idm.oclc.org/10.1007/BF01303275},
}
		
@incollection {MR555556,
    AUTHOR = {Johnstone, P. T.},
     TITLE = {Conditions related to {D}e {M}organ's law},
 BOOKTITLE = {Applications of sheaves ({P}roc. {R}es. {S}ympos. {A}ppl.
              {S}heaf {T}heory to {L}ogic, {A}lgebra and {A}nal., {U}niv.
              {D}urham, {D}urham, 1977)},
    SERIES = {Lecture Notes in Math.},
    VOLUME = {753},
     PAGES = {479--491},
 PUBLISHER = {Springer, Berlin},
      YEAR = {1979},
   MRCLASS = {03G30 (18B25)},
  MRNUMBER = {555556},
MRREVIEWER = {J. L. Bell},
}
		
@incollection {MR555555,
    AUTHOR = {Johnstone, P. T.},
     TITLE = {A syntactic approach to {D}iers' localizable categories},
 BOOKTITLE = {Applications of sheaves ({P}roc. {R}es. {S}ympos. {A}ppl.
              {S}heaf {T}heory to {L}ogic, {A}lgebra and {A}nal., {U}niv.
              {D}urham, {D}urham, 1977)},
    SERIES = {Lecture Notes in Math.},
    VOLUME = {753},
     PAGES = {466--478},
 PUBLISHER = {Springer, Berlin},
      YEAR = {1979},
   MRCLASS = {03G30 (18C10)},
  MRNUMBER = {555555},
MRREVIEWER = {Michel Coste},
}
		
@incollection {MR544646,
    AUTHOR = {Johnstone, P. T. and Linton, F. E. J. and Par\'{e}, R.},
     TITLE = {Injectives in topoi. {II}. {C}onnections with the axiom of
              choice},
 BOOKTITLE = {Categorical topology ({P}roc. {I}nternat. {C}onf., {F}ree
              {U}niv. {B}erlin, {B}erlin, 1978)},
    SERIES = {Lecture Notes in Math.},
    VOLUME = {719},
     PAGES = {207--216},
 PUBLISHER = {Springer, Berlin},
      YEAR = {1979},
   MRCLASS = {18B25},
  MRNUMBER = {544646},
MRREVIEWER = {Ioan Tofan},
}
		
@article {MR538331,
    AUTHOR = {Johnstone, Peter T.},
     TITLE = {Another condition equivalent to {D}e {M}organ's law},
   JOURNAL = {Comm. Algebra},
  FJOURNAL = {Communications in Algebra},
    VOLUME = {7},
      YEAR = {1979},
    NUMBER = {12},
     PAGES = {1309--1312},
      ISSN = {0092-7872},
   MRCLASS = {03G30 (18B25)},
  MRNUMBER = {538331},
MRREVIEWER = {A. Preller},
       DOI = {10.1080/00927877908822403},
       URL = {https://doi-org.colorado.idm.oclc.org/10.1080/00927877908822403},
}
		
@article {MR531162,
    AUTHOR = {Johnstone, P. T.},
     TITLE = {On a topological topos},
   JOURNAL = {Proc. London Math. Soc. (3)},
  FJOURNAL = {Proceedings of the London Mathematical Society. Third Series},
    VOLUME = {38},
      YEAR = {1979},
    NUMBER = {2},
     PAGES = {237--271},
      ISSN = {0024-6115},
   MRCLASS = {18B25 (54B30)},
  MRNUMBER = {531162},
MRREVIEWER = {Lawrence Neff Stout},
       DOI = {10.1112/plms/s3-38.2.237},
       URL = {https://doi-org.colorado.idm.oclc.org/10.1112/plms/s3-38.2.237},
}
		
@article {MR508665,
    AUTHOR = {Johnstone, P. T.},
     TITLE = {Automorphisms of {$\Omega $}},
   JOURNAL = {Algebra Universalis},
  FJOURNAL = {Algebra Universalis},
    VOLUME = {9},
      YEAR = {1979},
    NUMBER = {1},
     PAGES = {1--7},
      ISSN = {0002-5240},
   MRCLASS = {18B25},
  MRNUMBER = {508665},
MRREVIEWER = {Lawrence Neff Stout},
       DOI = {10.1007/BF02488012},
       URL = {https://doi-org.colorado.idm.oclc.org/10.1007/BF02488012},
}
		
@incollection {MR514195,
    AUTHOR = {Johnstone, Peter T. and Wraith, Gavin C.},
     TITLE = {Algebraic theories in toposes},
 BOOKTITLE = {Indexed categories and their applications},
    SERIES = {Lecture Notes in Math.},
    VOLUME = {661},
     PAGES = {141--242},
 PUBLISHER = {Springer, Berlin},
      YEAR = {1978},
   MRCLASS = {18B25 (18C10)},
  MRNUMBER = {514195},
}
		
@article {MR497623,
    AUTHOR = {Johnstone, P. T. and Linton, F. E. J.},
     TITLE = {Finiteness and decidability. {II}},
   JOURNAL = {Math. Proc. Cambridge Philos. Soc.},
  FJOURNAL = {Mathematical Proceedings of the Cambridge Philosophical
              Society},
    VOLUME = {84},
      YEAR = {1978},
    NUMBER = {2},
     PAGES = {207--218},
      ISSN = {0305-0041},
   MRCLASS = {18B25},
  MRNUMBER = {497623},
MRREVIEWER = {Lawrence Neff Stout},
       DOI = {10.1017/S0305004100055043},
       URL = {https://doi-org.colorado.idm.oclc.org/10.1017/S0305004100055043},
}
		
@article {MR0463054,
    AUTHOR = {Johnstone, P. T.},
     TITLE = {A note on complete semilattices},
   JOURNAL = {Algebra Universalis},
  FJOURNAL = {Algebra Universalis},
    VOLUME = {8},
      YEAR = {1978},
    NUMBER = {2},
     PAGES = {260--261},
      ISSN = {0002-5240},
   MRCLASS = {06A20 (18B99 06A23)},
  MRNUMBER = {0463054},
MRREVIEWER = {Dana May Latch},
       DOI = {10.1007/BF02485396},
       URL = {https://doi-org.colorado.idm.oclc.org/10.1007/BF02485396},
}
		
@book {MR0470019,
    AUTHOR = {Johnstone, P. T.},
     TITLE = {Topos theory},
      NOTE = {London Mathematical Society Monographs, Vol. 10},
 PUBLISHER = {Academic Press [Harcourt Brace Jovanovich, Publishers],
              London-New York},
      YEAR = {1977},
     PAGES = {xxiii+367},
      ISBN = {0-12-387850-0},
   MRCLASS = {18B99 (02K10 18A15 18C99)},
  MRNUMBER = {0470019},
MRREVIEWER = {Marta C. Bunge},
}
		
@article {MR0450036,
    AUTHOR = {Johnstone, P. T.},
     TITLE = {Rings, fields, and spectra},
   JOURNAL = {J. Algebra},
  FJOURNAL = {Journal of Algebra},
    VOLUME = {49},
      YEAR = {1977},
    NUMBER = {1},
     PAGES = {238--260},
      ISSN = {0021-8693},
   MRCLASS = {02E05 (18F10 02H15 13L05)},
  MRNUMBER = {0450036},
MRREVIEWER = {Gavin Wraith},
       DOI = {10.1016/0021-8693(77)90284-8},
       URL = {https://doi-org.colorado.idm.oclc.org/10.1016/0021-8693(77)90284-8},
}
		
@article {MR0396719,
    AUTHOR = {Johnstone, P. T.},
     TITLE = {Internal categories and classification theorems},
 BOOKTITLE = {Model theory and topoi ({C}onf., {B}angor, 1973)},
     PAGES = {103--113. Lecture Notes in Math., Vol. 445},
 PUBLISHER = {Springer, Berlin},
      YEAR = {1975},
   MRCLASS = {18C10 (02H15)},
  MRNUMBER = {0396719},
MRREVIEWER = {Radu Diaconescu},
}
		
@article {MR0390018,
    AUTHOR = {Johnstone, P. T.},
     TITLE = {Adjoint lifting theorems for categories of algebras},
   JOURNAL = {Bull. London Math. Soc.},
  FJOURNAL = {The Bulletin of the London Mathematical Society},
    VOLUME = {7},
      YEAR = {1975},
    NUMBER = {3},
     PAGES = {294--297},
      ISSN = {0024-6093},
   MRCLASS = {18C10 (02D99)},
  MRNUMBER = {0390018},
MRREVIEWER = {C. J. Mikkelsen},
       DOI = {10.1112/blms/7.3.294},
       URL = {https://doi-org.colorado.idm.oclc.org/10.1112/blms/7.3.294},
}
		
@article {MR0357534,
    AUTHOR = {Johnstone, Peter},
     TITLE = {The associated sheaf functor in an elementary topos},
   JOURNAL = {J. Pure Appl. Algebra},
  FJOURNAL = {Journal of Pure and Applied Algebra},
    VOLUME = {4},
      YEAR = {1974},
     PAGES = {231--242},
      ISSN = {0022-4049},
   MRCLASS = {18A15},
  MRNUMBER = {0357534},
MRREVIEWER = {A. Preller},
       DOI = {10.1016/0022-4049(74)90023-1},
       URL = {https://doi-org.colorado.idm.oclc.org/10.1016/0022-4049(74)90023-1},
}
