@article {MR3709720,
    AUTHOR = {Gambino, Nicola and Joyal, Andr\'{e}},
     TITLE = {On operads, bimodules and analytic functors},
   JOURNAL = {Mem. Amer. Math. Soc.},
  FJOURNAL = {Memoirs of the American Mathematical Society},
    VOLUME = {249},
      YEAR = {2017},
    NUMBER = {1184},
     PAGES = {v + 110},
      ISSN = {0065-9266},
      ISBN = {978-1-4704-2576-0; 978-1-4704-4135-7},
   MRCLASS = {18D50 (18C15 18D05 55P48)},
  MRNUMBER = {3709720},
MRREVIEWER = {Loic Foissy},
       DOI = {10.1090/memo/1184},
       URL = {https://doi-org.colorado.idm.oclc.org/10.1090/memo/1184},
}
		
@article {MR3035770,
    AUTHOR = {Joyal, Andr\'{e} and Kock, Joachim},
     TITLE = {Coherence for weak units},
   JOURNAL = {Doc. Math.},
  FJOURNAL = {Documenta Mathematica},
    VOLUME = {18},
      YEAR = {2013},
     PAGES = {71--110},
      ISSN = {1431-0635},
   MRCLASS = {18D05 (18D10)},
  MRNUMBER = {3035770},
MRREVIEWER = {Ram\'{o}n Gonz\'{a}lez Rodr\'{i}guez},
}
		
@article {MR2652220,
    AUTHOR = {Kock, Joachim and Joyal, Andr\'{e} and Batanin, Michael and
              Mascari, Jean-Fran\c{c}ois},
     TITLE = {Polynomial functors and opetopes},
   JOURNAL = {Adv. Math.},
  FJOURNAL = {Advances in Mathematics},
    VOLUME = {224},
      YEAR = {2010},
    NUMBER = {6},
     PAGES = {2690--2737},
      ISSN = {0001-8708},
   MRCLASS = {18D50 (18C20)},
  MRNUMBER = {2652220},
MRREVIEWER = {Richard Antony Hepworth},
       DOI = {10.1016/j.aim.2010.02.012},
       URL = {https://doi-org.colorado.idm.oclc.org/10.1016/j.aim.2010.02.012},
}
		
@incollection {MR2342834,
    AUTHOR = {Joyal, Andr\'{e} and Tierney, Myles},
     TITLE = {Quasi-categories vs {S}egal spaces},
 BOOKTITLE = {Categories in algebra, geometry and mathematical physics},
    SERIES = {Contemp. Math.},
    VOLUME = {431},
     PAGES = {277--326},
 PUBLISHER = {Amer. Math. Soc., Providence, RI},
      YEAR = {2007},
   MRCLASS = {55U35 (18G55)},
  MRNUMBER = {2342834},
MRREVIEWER = {Nicola Gambino},
       DOI = {10.1090/conm/431/08278},
       URL = {https://doi-org.colorado.idm.oclc.org/10.1090/conm/431/08278},
}
		
@incollection {MR2342833,
    AUTHOR = {Joyal, Andr\'{e} and Kock, Joachim},
     TITLE = {Weak units and homotopy 3-types},
 BOOKTITLE = {Categories in algebra, geometry and mathematical physics},
    SERIES = {Contemp. Math.},
    VOLUME = {431},
     PAGES = {257--276},
 PUBLISHER = {Amer. Math. Soc., Providence, RI},
      YEAR = {2007},
   MRCLASS = {18D05 (18D10 55P99)},
  MRNUMBER = {2342833},
MRREVIEWER = {Fernando Muro},
       DOI = {10.1090/conm/431/08277},
       URL = {https://doi-org.colorado.idm.oclc.org/10.1090/conm/431/08277},
}
		
@article {MR1935979,
    AUTHOR = {Joyal, A.},
     TITLE = {Quasi-categories and {K}an complexes},
      NOTE = {Special volume celebrating the 70th birthday of Professor Max
              Kelly},
   JOURNAL = {J. Pure Appl. Algebra},
  FJOURNAL = {Journal of Pure and Applied Algebra},
    VOLUME = {175},
      YEAR = {2002},
    NUMBER = {1-3},
     PAGES = {207--222},
      ISSN = {0022-4049},
   MRCLASS = {55U10 (18G55)},
  MRNUMBER = {1935979},
MRREVIEWER = {Donald M. Davis},
       DOI = {10.1016/S0022-4049(02)00135-4},
       URL = {https://doi-org.colorado.idm.oclc.org/10.1016/S0022-4049(02)00135-4},
}
		
@article {MR1760906,
    AUTHOR = {Joyal, Andr\'{e} and Tierney, Myles},
     TITLE = {On the theory of path groupoids},
   JOURNAL = {J. Pure Appl. Algebra},
  FJOURNAL = {Journal of Pure and Applied Algebra},
    VOLUME = {149},
      YEAR = {2000},
    NUMBER = {1},
     PAGES = {69--100},
      ISSN = {0022-4049},
   MRCLASS = {55Q05 (18B40 18G30 55U10 57M15)},
  MRNUMBER = {1760906},
MRREVIEWER = {Graham J. Ellis},
       DOI = {10.1016/S0022-4049(98)00164-9},
       URL = {https://doi-org.colorado.idm.oclc.org/10.1016/S0022-4049(98)00164-9},
}
		
@article {MR1716754,
    AUTHOR = {Hu, Hongde and Joyal, Andre},
     TITLE = {Coherence completions of categories},
      NOTE = {Linear logic, I (Tokyo, 1996)},
   JOURNAL = {Theoret. Comput. Sci.},
  FJOURNAL = {Theoretical Computer Science},
    VOLUME = {227},
      YEAR = {1999},
    NUMBER = {1-2},
     PAGES = {153--184},
      ISSN = {0304-3975},
   MRCLASS = {03F52 (03G30 18A35 54B30)},
  MRNUMBER = {1716754},
MRREVIEWER = {Anna Labella},
       DOI = {10.1016/S0304-3975(99)00051-1},
       URL = {https://doi-org.colorado.idm.oclc.org/10.1016/S0304-3975(99)00051-1},
}
		
@incollection {MR1797101,
    AUTHOR = {Joyal, A.},
     TITLE = {Free lattices, communication and money games},
 BOOKTITLE = {Logic and scientific methods ({F}lorence, 1995)},
    SERIES = {Synthese Lib.},
    VOLUME = {259},
     PAGES = {29--68},
 PUBLISHER = {Kluwer Acad. Publ., Dordrecht},
      YEAR = {1997},
   MRCLASS = {91B02 (03F52 03G30 06B25 91A40)},
  MRNUMBER = {1797101},
}
		
@incollection {MR1486177,
    AUTHOR = {Hu, Hongde and Joyal, Andr\'{e}},
     TITLE = {Coherence completions of categories and their enriched
              softness},
 BOOKTITLE = {Mathematical foundations of programming semantics
              ({P}ittsburgh, {PA}, 1997)},
    SERIES = {Electron. Notes Theor. Comput. Sci.},
    VOLUME = {6},
     PAGES = {17},
 PUBLISHER = {Elsevier Sci. B. V., Amsterdam},
      YEAR = {1997},
   MRCLASS = {68Q55 (03G30 18C10 18D20)},
  MRNUMBER = {1486177},
}
		
@incollection {MR1436923,
    AUTHOR = {Bisson, Terrence P. and Joyal, Andr\'{e}},
     TITLE = {{$Q$}-rings and the homology of the symmetric groups},
 BOOKTITLE = {Operads: {P}roceedings of {R}enaissance {C}onferences
              ({H}artford, {CT}/{L}uminy, 1995)},
    SERIES = {Contemp. Math.},
    VOLUME = {202},
     PAGES = {235--286},
 PUBLISHER = {Amer. Math. Soc., Providence, RI},
      YEAR = {1997},
   MRCLASS = {55S12 (20B30 20J06 55P47)},
  MRNUMBER = {1436923},
MRREVIEWER = {J. M. Boardman},
       DOI = {10.1090/conm/202/02591},
       URL = {https://doi-org.colorado.idm.oclc.org/10.1090/conm/202/02591},
}
		
@article {MR1407994,
    AUTHOR = {Joyal, Andr\'{e} and Nielsen, Mogens and Winskel, Glynn},
     TITLE = {Bisimulation from open maps},
      NOTE = {Special issue dedicated to Paris Christos Kanellakis},
   JOURNAL = {Inform. and Comput.},
  FJOURNAL = {Information and Computation},
    VOLUME = {127},
      YEAR = {1996},
    NUMBER = {2},
     PAGES = {164--185},
      ISSN = {0890-5401},
   MRCLASS = {68Q10 (18B25 68Q05 68Q55 68Q60)},
  MRNUMBER = {1407994},
       DOI = {10.1006/inco.1996.0057},
       URL = {https://doi-org.colorado.idm.oclc.org/10.1006/inco.1996.0057},
}
		
@article {MR1384469,
    AUTHOR = {Joyal, Andr\'{e} and Tierney, Myles},
     TITLE = {On the homotopy theory of sheaves of simplicial groupoids},
   JOURNAL = {Math. Proc. Cambridge Philos. Soc.},
  FJOURNAL = {Mathematical Proceedings of the Cambridge Philosophical
              Society},
    VOLUME = {120},
      YEAR = {1996},
    NUMBER = {2},
     PAGES = {263--290},
      ISSN = {0305-0041},
   MRCLASS = {55U35 (18F10 18G55)},
  MRNUMBER = {1384469},
MRREVIEWER = {Stanis\l aw Betley},
       DOI = {10.1017/S0305004100074855},
       URL = {https://doi-org.colorado.idm.oclc.org/10.1017/S0305004100074855},
}
		
@article {MR1357057,
    AUTHOR = {Joyal, Andr\'{e} and Street, Ross and Verity, Dominic},
     TITLE = {Traced monoidal categories},
   JOURNAL = {Math. Proc. Cambridge Philos. Soc.},
  FJOURNAL = {Mathematical Proceedings of the Cambridge Philosophical
              Society},
    VOLUME = {119},
      YEAR = {1996},
    NUMBER = {3},
     PAGES = {447--468},
      ISSN = {0305-0041},
   MRCLASS = {18D10 (03B70 19D23 57M25 68Q55)},
  MRNUMBER = {1357057},
MRREVIEWER = {R. Gylys},
       DOI = {10.1017/S0305004100074338},
       URL = {https://doi-org.colorado.idm.oclc.org/10.1017/S0305004100074338},
}
		
@book {MR1368403,
    AUTHOR = {Joyal, A. and Moerdijk, I.},
     TITLE = {Algebraic set theory},
    SERIES = {London Mathematical Society Lecture Note Series},
    VOLUME = {220},
 PUBLISHER = {Cambridge University Press, Cambridge},
      YEAR = {1995},
     PAGES = {viii+123},
      ISBN = {0-521-55830-1},
   MRCLASS = {03E70 (03-02 03C90 03F55 03G25 04A10)},
  MRNUMBER = {1368403},
MRREVIEWER = {Ioan Tofan},
       DOI = {10.1017/CBO9780511752483},
       URL = {https://doi-org.colorado.idm.oclc.org/10.1017/CBO9780511752483},
}
		
@article {MR1362638,
    AUTHOR = {Joyal, Andr\'{e}},
     TITLE = {Free bicomplete categories},
   JOURNAL = {C. R. Math. Rep. Acad. Sci. Canada},
  FJOURNAL = {La Soci\'{e}t\'{e} Royale du Canada. L'Acad\'{e}mie des Sciences. Comptes
              Rendus Math\'{e}matiques (Mathematical Reports)},
    VOLUME = {17},
      YEAR = {1995},
    NUMBER = {5},
     PAGES = {219--224},
      ISSN = {0706-1994},
   MRCLASS = {18A35 (03G30)},
  MRNUMBER = {1362638},
MRREVIEWER = {Anna Labella},
}
		
@article {MR1362637,
    AUTHOR = {Joyal, Andr\'{e}},
     TITLE = {Free bicompletion of enriched categories},
   JOURNAL = {C. R. Math. Rep. Acad. Sci. Canada},
  FJOURNAL = {La Soci\'{e}t\'{e} Royale du Canada. L'Acad\'{e}mie des Sciences. Comptes
              Rendus Math\'{e}matiques (Mathematical Reports)},
    VOLUME = {17},
      YEAR = {1995},
    NUMBER = {5},
     PAGES = {213--218},
      ISSN = {0706-1994},
   MRCLASS = {18A35 (03G30)},
  MRNUMBER = {1362637},
MRREVIEWER = {Anna Labella},
}
		
@article {MR1353741,
    AUTHOR = {Bisson, Terrence and Joyal, Andr\'{e}},
     TITLE = {Nishida relations in bordism and homology (extended abstract)},
   JOURNAL = {C. R. Math. Rep. Acad. Sci. Canada},
  FJOURNAL = {La Soci\'{e}t\'{e} Royale du Canada. L'Acad\'{e}mie des Sciences. Comptes
              Rendus Math\'{e}matiques (Mathematical Reports)},
    VOLUME = {17},
      YEAR = {1995},
    NUMBER = {4},
     PAGES = {141--146},
      ISSN = {0706-1994},
   MRCLASS = {55N22},
  MRNUMBER = {1353741},
}
		
@article {MR1353740,
    AUTHOR = {Bisson, Terrence and Joyal, Andr\'{e}},
     TITLE = {The {D}yer-{L}ashof algebra in bordism (extended abstract)},
   JOURNAL = {C. R. Math. Rep. Acad. Sci. Canada},
  FJOURNAL = {La Soci\'{e}t\'{e} Royale du Canada. L'Acad\'{e}mie des Sciences. Comptes
              Rendus Math\'{e}matiques (Mathematical Reports)},
    VOLUME = {17},
      YEAR = {1995},
    NUMBER = {4},
     PAGES = {135--140},
      ISSN = {0706-1994},
   MRCLASS = {55N22},
  MRNUMBER = {1353740},
}
		
@article {MR1351369,
    AUTHOR = {Joyal, Andr\'{e} and Street, Ross},
     TITLE = {The category of representations of the general linear groups
              over a finite field},
   JOURNAL = {J. Algebra},
  FJOURNAL = {Journal of Algebra},
    VOLUME = {176},
      YEAR = {1995},
    NUMBER = {3},
     PAGES = {908--946},
      ISSN = {0021-8693},
   MRCLASS = {20G05 (18D10 20G40)},
  MRNUMBER = {1351369},
MRREVIEWER = {Daniel Conduch\'{e}},
       DOI = {10.1006/jabr.1995.1278},
       URL = {https://doi-org.colorado.idm.oclc.org/10.1006/jabr.1995.1278},
}
		
@article {MR1303663,
    AUTHOR = {Joyal, A. and Moerdijk, I.},
     TITLE = {A completeness theorem for open maps},
   JOURNAL = {Ann. Pure Appl. Logic},
  FJOURNAL = {Annals of Pure and Applied Logic},
    VOLUME = {70},
      YEAR = {1994},
    NUMBER = {1},
     PAGES = {51--86},
      ISSN = {0168-0072},
   MRCLASS = {03G30 (54C10)},
  MRNUMBER = {1303663},
MRREVIEWER = {Peter Johnstone},
       DOI = {10.1016/0168-0072(94)90069-8},
       URL = {https://doi-org.colorado.idm.oclc.org/10.1016/0168-0072(94)90069-8},
}
		
@article {MR1250465,
    AUTHOR = {Joyal, Andr\'{e} and Street, Ross},
     TITLE = {Braided tensor categories},
   JOURNAL = {Adv. Math.},
  FJOURNAL = {Advances in Mathematics},
    VOLUME = {102},
      YEAR = {1993},
    NUMBER = {1},
     PAGES = {20--78},
      ISSN = {0001-8708},
   MRCLASS = {18D10 (19D23 20G05)},
  MRNUMBER = {1250465},
MRREVIEWER = {Daniel Conduch\'{e}},
       DOI = {10.1006/aima.1993.1055},
       URL = {https://doi-org.colorado.idm.oclc.org/10.1006/aima.1993.1055},
}
		
@article {MR1239557,
    AUTHOR = {Joyal, Andr\'{e} and Tierney, Myles},
     TITLE = {Classifying spaces for sheaves of simplicial groupoids},
   JOURNAL = {J. Pure Appl. Algebra},
  FJOURNAL = {Journal of Pure and Applied Algebra},
    VOLUME = {89},
      YEAR = {1993},
    NUMBER = {1-2},
     PAGES = {135--161},
      ISSN = {0022-4049},
   MRCLASS = {18B25},
  MRNUMBER = {1239557},
MRREVIEWER = {Graham J. Ellis},
       DOI = {10.1016/0022-4049(93)90091-7},
       URL = {https://doi-org.colorado.idm.oclc.org/10.1016/0022-4049(93)90091-7},
}
		
@incollection {MR1238300,
    AUTHOR = {Joyal, Andr\'{e} and Nielsen, Mogens and Winskel, Glynn},
     TITLE = {Bisimulation and open maps},
 BOOKTITLE = {Eighth {A}nnual {IEEE} {S}ymposium on {L}ogic in {C}omputer
              {S}cience ({M}ontreal, {PQ}, 1993)},
     PAGES = {418--427},
 PUBLISHER = {IEEE Comput. Soc. Press, Los Alamitos, CA},
      YEAR = {1993},
   MRCLASS = {68Q10},
  MRNUMBER = {1238300},
       DOI = {10.1109/LICS.1993.287566},
       URL = {https://doi-org.colorado.idm.oclc.org/10.1109/LICS.1993.287566},
}
		
@article {MR1223657,
    AUTHOR = {Joyal, Andr\'{e} and Street, Ross},
     TITLE = {Pullbacks equivalent to pseudopullbacks},
   JOURNAL = {Cahiers Topologie G\'{e}om. Diff\'{e}rentielle Cat\'{e}g.},
  FJOURNAL = {Cahiers de Topologie et G\'{e}om\'{e}trie Diff\'{e}rentielle Cat\'{e}goriques},
    VOLUME = {34},
      YEAR = {1993},
    NUMBER = {2},
     PAGES = {153--156},
      ISSN = {0008-0004},
   MRCLASS = {18A40},
  MRNUMBER = {1223657},
}
		
@incollection {MR1173027,
    AUTHOR = {Joyal, Andr\'{e} and Street, Ross},
     TITLE = {An introduction to {T}annaka duality and quantum groups},
 BOOKTITLE = {Category theory ({C}omo, 1990)},
    SERIES = {Lecture Notes in Math.},
    VOLUME = {1488},
     PAGES = {413--492},
 PUBLISHER = {Springer, Berlin},
      YEAR = {1991},
   MRCLASS = {18D10 (16W30 17B37 22C05 22D35)},
  MRNUMBER = {1173027},
MRREVIEWER = {David N. Yetter},
       DOI = {10.1007/BFb0084235},
       URL = {https://doi-org.colorado.idm.oclc.org/10.1007/BFb0084235},
}
		
@incollection {MR1173014,
    AUTHOR = {Joyal, Andr\'{e} and Tierney, Myles},
     TITLE = {Strong stacks and classifying spaces},
 BOOKTITLE = {Category theory ({C}omo, 1990)},
    SERIES = {Lecture Notes in Math.},
    VOLUME = {1488},
     PAGES = {213--236},
 PUBLISHER = {Springer, Berlin},
      YEAR = {1991},
   MRCLASS = {18G55 (18B25)},
  MRNUMBER = {1173014},
MRREVIEWER = {Kimmo I. Rosenthal},
       DOI = {10.1007/BFb0084222},
       URL = {https://doi-org.colorado.idm.oclc.org/10.1007/BFb0084222},
}
		
@article {MR1113284,
    AUTHOR = {Joyal, Andr\'{e} and Street, Ross},
     TITLE = {The geometry of tensor calculus. {I}},
   JOURNAL = {Adv. Math.},
  FJOURNAL = {Advances in Mathematics},
    VOLUME = {88},
      YEAR = {1991},
    NUMBER = {1},
     PAGES = {55--112},
      ISSN = {0001-8708},
   MRCLASS = {18G99 (57M05)},
  MRNUMBER = {1113284},
MRREVIEWER = {Louis H. Kauffman},
       DOI = {10.1016/0001-8708(91)90003-P},
       URL = {https://doi-org.colorado.idm.oclc.org/10.1016/0001-8708(91)90003-P},
}
		
@article {MR1107651,
    AUTHOR = {Joyal, Andr\'{e} and Street, Ross},
     TITLE = {Tortile {Y}ang-{B}axter operators in tensor categories},
   JOURNAL = {J. Pure Appl. Algebra},
  FJOURNAL = {Journal of Pure and Applied Algebra},
    VOLUME = {71},
      YEAR = {1991},
    NUMBER = {1},
     PAGES = {43--51},
      ISSN = {0022-4049},
   MRCLASS = {18G99 (18D10 57M25)},
  MRNUMBER = {1107651},
MRREVIEWER = {Louis H. Kauffman},
       DOI = {10.1016/0022-4049(91)90039-5},
       URL = {https://doi-org.colorado.idm.oclc.org/10.1016/0022-4049(91)90039-5},
}
		
@article {MR1097505,
    AUTHOR = {Joyal, A. and Moerdijk, I.},
     TITLE = {A categorical theory of cumulative hierarchies of sets},
   JOURNAL = {C. R. Math. Rep. Acad. Sci. Canada},
  FJOURNAL = {La Soci\'{e}t\'{e} Royale du Canada. L'Acad\'{e}mie des Sciences. Comptes
              Rendus Math\'{e}matiques (Mathematical Reports)},
    VOLUME = {13},
      YEAR = {1991},
    NUMBER = {1},
     PAGES = {55--58},
      ISSN = {0706-1994},
   MRCLASS = {18B05 (03E20 03G30 18B25 18C05)},
  MRNUMBER = {1097505},
MRREVIEWER = {Andreas Blass},
}
		
@article {MR1097495,
    AUTHOR = {Joyal, Andr\'{e} and Tierney, Myles},
     TITLE = {Strong stacks and classifying spaces},
   JOURNAL = {C. R. Math. Rep. Acad. Sci. Canada},
  FJOURNAL = {La Soci\'{e}t\'{e} Royale du Canada. L'Acad\'{e}mie des Sciences. Comptes
              Rendus Math\'{e}matiques (Mathematical Reports)},
    VOLUME = {13},
      YEAR = {1991},
    NUMBER = {1},
     PAGES = {2--6},
      ISSN = {0706-1994},
   MRCLASS = {18F10 (18D30 55U35)},
  MRNUMBER = {1097495},
MRREVIEWER = {Kimmo I. Rosenthal},
}
		
@article {MR1088313,
    AUTHOR = {Joyal, A. and Moerdijk, I.},
     TITLE = {A completeness theorem for open maps},
   JOURNAL = {C. R. Math. Rep. Acad. Sci. Canada},
  FJOURNAL = {La Soci\'{e}t\'{e} Royale du Canada. L'Acad\'{e}mie des Sciences. Comptes
              Rendus Math\'{e}matiques (Mathematical Reports)},
    VOLUME = {12},
      YEAR = {1990},
    NUMBER = {6},
     PAGES = {253--256},
      ISSN = {0706-1994},
   MRCLASS = {18B25},
  MRNUMBER = {1088313},
MRREVIEWER = {Kimmo I. Rosenthal},
}
		
@article {MR1077481,
    AUTHOR = {Joyal, Andr\'{e} and Tierney, Myles},
     TITLE = {Universal bundles in simplicial sheaves},
   JOURNAL = {C. R. Math. Rep. Acad. Sci. Canada},
  FJOURNAL = {La Soci\'{e}t\'{e} Royale du Canada. L'Acad\'{e}mie des Sciences. Comptes
              Rendus Math\'{e}matiques (Mathematical Reports)},
    VOLUME = {12},
      YEAR = {1990},
    NUMBER = {5},
     PAGES = {167--172},
      ISSN = {0706-1994},
   MRCLASS = {18G30 (18B25)},
  MRNUMBER = {1077481},
MRREVIEWER = {Kimmo I. Rosenthal},
}
		
@article {MR1041882,
    AUTHOR = {Joyal, A. and Moerdijk, I.},
     TITLE = {Toposes as homotopy groupoids},
   JOURNAL = {Adv. Math.},
  FJOURNAL = {Advances in Mathematics},
    VOLUME = {80},
      YEAR = {1990},
    NUMBER = {1},
     PAGES = {22--38},
      ISSN = {0001-8708},
   MRCLASS = {18B25 (55P99)},
  MRNUMBER = {1041882},
MRREVIEWER = {Peter Johnstone},
       DOI = {10.1016/0001-8708(90)90013-D},
       URL = {https://doi-org.colorado.idm.oclc.org/10.1016/0001-8708(90)90013-D},
}
		
@article {MR1037604,
    AUTHOR = {Joyal, A. and Moerdijk, I.},
     TITLE = {Toposes are cohomologically equivalent to spaces},
   JOURNAL = {Amer. J. Math.},
  FJOURNAL = {American Journal of Mathematics},
    VOLUME = {112},
      YEAR = {1990},
    NUMBER = {1},
     PAGES = {87--95},
      ISSN = {0002-9327},
   MRCLASS = {18B25 (55N30)},
  MRNUMBER = {1037604},
MRREVIEWER = {Peter Johnstone},
       DOI = {10.2307/2374854},
       URL = {https://doi-org.colorado.idm.oclc.org/10.2307/2374854},
}
		
@incollection {MR927763,
    AUTHOR = {Joyal, Andr\'{e}},
     TITLE = {Foncteurs analytiques et esp\`eces de structures},
 BOOKTITLE = {Combinatoire \'{e}num\'{e}rative ({M}ontreal, {Q}ue., 1985/{Q}uebec,
              {Q}ue., 1985)},
    SERIES = {Lecture Notes in Math.},
    VOLUME = {1234},
     PAGES = {126--159},
 PUBLISHER = {Springer, Berlin},
      YEAR = {1986},
   MRCLASS = {05A15 (05A19 18B99)},
  MRNUMBER = {927763},
MRREVIEWER = {Joseph Kung},
       DOI = {10.1007/BFb0072514},
       URL = {https://doi-org.colorado.idm.oclc.org/10.1007/BFb0072514},
}
		
@article {MR868987,
    AUTHOR = {Joyal, Andr\'{e} and Reyes, Gonzalo E.},
     TITLE = {Separably real closed local rings},
   JOURNAL = {J. Pure Appl. Algebra},
  FJOURNAL = {Journal of Pure and Applied Algebra},
    VOLUME = {43},
      YEAR = {1986},
    NUMBER = {3},
     PAGES = {271--279},
      ISSN = {0022-4049},
   MRCLASS = {18B25 (03G30 58A05)},
  MRNUMBER = {868987},
MRREVIEWER = {Michel Coste},
       DOI = {10.1016/0022-4049(86)90068-X},
       URL = {https://doi-org.colorado.idm.oclc.org/10.1016/0022-4049(86)90068-X},
}
		
@inproceedings {MR864065,
    AUTHOR = {Joyal, Andr\'{e} and Reyes, Gonzalo E.},
     TITLE = {Separably real closed local rings},
 BOOKTITLE = {Proceedings of the fifth {L}atin {A}merican symposium on
              mathematical logic ({B}ogot\'{a}, 1981)},
   JOURNAL = {Rev. Colombiana Mat.},
  FJOURNAL = {Revista Colombiana de Matem\'{a}ticas},
    VOLUME = {19},
      YEAR = {1985},
    NUMBER = {1-2},
     PAGES = {107--115},
      ISSN = {0034-7426},
   MRCLASS = {03C60 (03C10 03G30 12D15)},
  MRNUMBER = {864065},
}
		
@article {MR813954,
    AUTHOR = {Joyal, Andr\'{e}},
     TITLE = {Calcul int\'{e}gral combinatoire et homologie des groupes
              sym\'{e}triques},
   JOURNAL = {C. R. Math. Rep. Acad. Sci. Canada},
  FJOURNAL = {La Soci\'{e}t\'{e} Royale du Canada. L'Academie des Sciences. Comptes
              Rendus Math\'{e}matiques. (Mathematical Reports)},
    VOLUME = {7},
      YEAR = {1985},
    NUMBER = {6},
     PAGES = {337--342},
      ISSN = {0706-1994},
   MRCLASS = {20J05 (05A99)},
  MRNUMBER = {813954},
}
		
@article {MR813945,
    AUTHOR = {Joyal, Andr\'{e}},
     TITLE = {R\`egle des signes en alg\`ebre combinatoire},
   JOURNAL = {C. R. Math. Rep. Acad. Sci. Canada},
  FJOURNAL = {La Soci\'{e}t\'{e} Royale du Canada. L'Academie des Sciences. Comptes
              Rendus Math\'{e}matiques. (Mathematical Reports)},
    VOLUME = {7},
      YEAR = {1985},
    NUMBER = {5},
     PAGES = {285--290},
      ISSN = {0706-1994},
   MRCLASS = {08C05 (20C99)},
  MRNUMBER = {813945},
MRREVIEWER = {C. B. Thomas},
}
		
@article {MR802319,
    AUTHOR = {Joyal, Andr\'{e}},
     TITLE = {{$\delta$}-anneaux et {$\lambda$}-anneaux},
   JOURNAL = {C. R. Math. Rep. Acad. Sci. Canada},
  FJOURNAL = {La Soci\'{e}t\'{e} Royale du Canada. L'Academie des Sciences. Comptes
              Rendus Math\'{e}matiques. (Mathematical Reports)},
    VOLUME = {7},
      YEAR = {1985},
    NUMBER = {4},
     PAGES = {227--232},
      ISSN = {0706-1994},
   MRCLASS = {13K05 (14L05 18F25 19D99 20C20)},
  MRNUMBER = {802319},
}
		
@article {MR789309,
    AUTHOR = {Joyal, Andr\'{e}},
     TITLE = {{$\delta$}-anneaux et vecteurs de {W}itt},
   JOURNAL = {C. R. Math. Rep. Acad. Sci. Canada},
  FJOURNAL = {La Soci\'{e}t\'{e} Royale du Canada. L'Academie des Sciences. Comptes
              Rendus Math\'{e}matiques. (Mathematical Reports)},
    VOLUME = {7},
      YEAR = {1985},
    NUMBER = {3},
     PAGES = {177--182},
      ISSN = {0706-1994},
   MRCLASS = {13K05 (14F30 14L05 18C99 18F25 19D99)},
  MRNUMBER = {789309},
MRREVIEWER = {R. T. Hoobler},
}
		
@article {MR756176,
    AUTHOR = {Joyal, Andr\'{e} and Tierney, Myles},
     TITLE = {An extension of the {G}alois theory of {G}rothendieck},
   JOURNAL = {Mem. Amer. Math. Soc.},
  FJOURNAL = {Memoirs of the American Mathematical Society},
    VOLUME = {51},
      YEAR = {1984},
    NUMBER = {309},
     PAGES = {vii+71},
      ISSN = {0065-9266},
   MRCLASS = {18B25 (06D20 13B05 14A20 18D15 54A05 54C10)},
  MRNUMBER = {756176},
MRREVIEWER = {Peter Johnstone},
       DOI = {10.1090/memo/0309},
       URL = {https://doi-org.colorado.idm.oclc.org/10.1090/memo/0309},
}
		
@incollection {MR749771,
    AUTHOR = {Joyal, A. and Wraith, G.},
     TITLE = {Eilenberg-{M}ac{L}ane toposes and cohomology},
 BOOKTITLE = {Mathematical applications of category theory ({D}enver,
              {C}ol., 1983)},
    SERIES = {Contemp. Math.},
    VOLUME = {30},
     PAGES = {117--131},
 PUBLISHER = {Amer. Math. Soc., Providence, RI},
      YEAR = {1984},
   MRCLASS = {18B25 (18G30 55P20)},
  MRNUMBER = {749771},
MRREVIEWER = {Peter Johnstone},
       DOI = {10.1090/conm/030/749771},
       URL = {https://doi-org.colorado.idm.oclc.org/10.1090/conm/030/749771},
}
		
@article {MR666021,
    AUTHOR = {Johnstone, Peter and Joyal, Andr\'{e}},
     TITLE = {Continuous categories and exponentiable toposes},
   JOURNAL = {J. Pure Appl. Algebra},
  FJOURNAL = {Journal of Pure and Applied Algebra},
    VOLUME = {25},
      YEAR = {1982},
    NUMBER = {3},
     PAGES = {255--296},
      ISSN = {0022-4049},
   MRCLASS = {18F20 (03G30 06B30)},
  MRNUMBER = {666021},
MRREVIEWER = {J. R. Isbell},
       DOI = {10.1016/0022-4049(82)90083-4},
       URL = {https://doi-org.colorado.idm.oclc.org/10.1016/0022-4049(82)90083-4},
}
		
@article {MR633783,
    AUTHOR = {Joyal, Andr\'{e}},
     TITLE = {Une th\'{e}orie combinatoire des s\'{e}ries formelles},
   JOURNAL = {Adv. in Math.},
  FJOURNAL = {Advances in Mathematics},
    VOLUME = {42},
      YEAR = {1981},
    NUMBER = {1},
     PAGES = {1--82},
      ISSN = {0001-8708},
   MRCLASS = {05A99 (18B99 26B10)},
  MRNUMBER = {633783},
       DOI = {10.1016/0001-8708(81)90052-9},
       URL = {https://doi-org.colorado.idm.oclc.org/10.1016/0001-8708(81)90052-9},
}
		
@article {MR604873,
    AUTHOR = {Boileau, Andr\'{e} and Joyal, Andr\'{e}},
     TITLE = {La logique des topos},
   JOURNAL = {J. Symbolic Logic},
  FJOURNAL = {The Journal of Symbolic Logic},
    VOLUME = {46},
      YEAR = {1981},
    NUMBER = {1},
     PAGES = {6--16},
      ISSN = {0022-4812},
   MRCLASS = {03G30 (18B25)},
  MRNUMBER = {604873},
MRREVIEWER = {Gavin Wraith},
       DOI = {10.2307/2273251},
       URL = {https://doi-org.colorado.idm.oclc.org/10.2307/2273251},
}
		
@article {MR0239061,
    AUTHOR = {Joyal, Andr\'{e}},
     TITLE = {On the zeros of a polynomial and its derivative},
   JOURNAL = {J. Math. Anal. Appl.},
  FJOURNAL = {Journal of Mathematical Analysis and Applications},
    VOLUME = {26},
      YEAR = {1969},
     PAGES = {315--317},
      ISSN = {0022-247x},
   MRCLASS = {30.11},
  MRNUMBER = {0239061},
MRREVIEWER = {Z. Rubinstein},
       DOI = {10.1016/0022-247X(69)90155-3},
       URL = {https://doi-org.colorado.idm.oclc.org/10.1016/0022-247X(69)90155-3},
}
		
@article {MR0213513,
    AUTHOR = {Joyal, A. and Labelle, G. and Rahman, Q. I.},
     TITLE = {On the location of zeros of polynomials},
   JOURNAL = {Canad. Math. Bull},
  FJOURNAL = {Canadian Mathematical Bulletin. Bulletin Canadien de
              Math\'{e}matiques},
    VOLUME = {10},
      YEAR = {1967},
     PAGES = {53--63},
      ISSN = {0008-4395},
   MRCLASS = {30.11},
  MRNUMBER = {0213513},
MRREVIEWER = {M. Marden},
       DOI = {10.4153/CMB-1967-006-3},
       URL = {https://doi-org.colorado.idm.oclc.org/10.4153/CMB-1967-006-3},
}
		