@article {MR3751038,
    AUTHOR = {Ho, Weng Kin and Goubault-Larrecq, Jean and Jung, Achim and
              Xi, Xiaoyong},
     TITLE = {The {H}o-{Z}hao problem},
   JOURNAL = {Log. Methods Comput. Sci.},
  FJOURNAL = {Logical Methods in Computer Science},
    VOLUME = {14},
      YEAR = {2018},
    NUMBER = {1},
     PAGES = {Paper No. 7, 19},
      ISSN = {1860-5974},
   MRCLASS = {06B35 (06B30 18B35)},
  MRNUMBER = {3751038},
MRREVIEWER = {Ando Razafindrakoto},
}
		
@incollection {MR3746665,
    AUTHOR = {Jakl, Tom\'{a}\v{s} and Jung, Achim},
     TITLE = {Free constructions and coproducts of d-frames},
 BOOKTITLE = {7th {C}onference on {A}lgebra and {C}oalgebra in {C}omputer
              {S}cience},
    SERIES = {LIPIcs. Leibniz Int. Proc. Inform.},
    VOLUME = {72},
     PAGES = {Art. No. 14, 15},
 PUBLISHER = {Schloss Dagstuhl. Leibniz-Zent. Inform., Wadern},
      YEAR = {2017},
   MRCLASS = {68Q55 (18B35)},
  MRNUMBER = {3746665},
}
		
@incollection {MR3695548,
    AUTHOR = {Ghica, Dan R. and Jung, Achim and Lopez, Aliaume},
     TITLE = {Diagrammatic semantics for digital circuits},
 BOOKTITLE = {Computer science logic 2017},
    SERIES = {LIPIcs. Leibniz Int. Proc. Inform.},
    VOLUME = {82},
     PAGES = {Art. No. 24, 16},
 PUBLISHER = {Schloss Dagstuhl. Leibniz-Zent. Inform., Wadern},
      YEAR = {2017},
   MRCLASS = {68Q55 (18C50 68Q42)},
  MRNUMBER = {3695548},
}
		
@article {MR3632626,
    AUTHOR = {Jung, Achim and Zhang, Guo-Qiang},
     TITLE = {Preface [{S}ymposium on {D}omain {T}heory ({ISDT} 2013)]},
      NOTE = {Held at Hunan University, Changsha, October 25--29, 2013},
   JOURNAL = {Math. Structures Comput. Sci.},
  FJOURNAL = {Mathematical Structures in Computer Science. A Journal in the
              Applications of Categorical, Algebraic and Geometric Methods
              in Computer Science},
    VOLUME = {27},
      YEAR = {2017},
    NUMBER = {4},
     PAGES = {459},
      ISSN = {0960-1295},
   MRCLASS = {68-06 (06B30)},
  MRNUMBER = {3632626},
       DOI = {10.1017/S0960129515000249},
       URL = {https://doi-org.colorado.idm.oclc.org/10.1017/S0960129515000249},
}
		
@article {MR3609651,
    AUTHOR = {Rivieccio, Umberto and Jung, Achim and Jansana, Ramon},
     TITLE = {Four-valued modal logic: {K}ripke semantics and duality},
   JOURNAL = {J. Logic Comput.},
  FJOURNAL = {Journal of Logic and Computation},
    VOLUME = {27},
      YEAR = {2017},
    NUMBER = {1},
     PAGES = {155--199},
      ISSN = {0955-792X},
   MRCLASS = {03B45 (03B50)},
  MRNUMBER = {3609651},
MRREVIEWER = {Giacomo Lenzi},
       DOI = {10.1093/logcom/exv038},
       URL = {https://doi-org.colorado.idm.oclc.org/10.1093/logcom/exv038},
}
		
@incollection {MR3591700,
    AUTHOR = {Jakl, Tom\'{a}\v{s} and Jung, Achim and Pultr, Ale\v{s}},
     TITLE = {Bitopology and four-valued logic},
 BOOKTITLE = {The {T}hirty-second {C}onference on the {M}athematical
              {F}oundations of {P}rogramming {S}emantics ({MFPS} {XXXII})},
    SERIES = {Electron. Notes Theor. Comput. Sci.},
    VOLUME = {325},
     PAGES = {201--219},
 PUBLISHER = {Elsevier Sci. B. V., Amsterdam},
      YEAR = {2016},
   MRCLASS = {03B50 (03G10 06B75)},
  MRNUMBER = {3591700},
       DOI = {10.1016/j.entcs.2016.09.039},
       URL = {https://doi-org.colorado.idm.oclc.org/10.1016/j.entcs.2016.09.039},
}
		
@article {MR3523477,
    AUTHOR = {Jia, Xiaodong and Jung, Achim and Li, Qingguo},
     TITLE = {A note on coherence of dcpos},
   JOURNAL = {Topology Appl.},
  FJOURNAL = {Topology and its Applications},
    VOLUME = {209},
      YEAR = {2016},
     PAGES = {235--238},
      ISSN = {0166-8641},
   MRCLASS = {06B35 (54B20)},
  MRNUMBER = {3523477},
       DOI = {10.1016/j.topol.2016.06.011},
       URL = {https://doi-org.colorado.idm.oclc.org/10.1016/j.topol.2016.06.011},
}
		
@article {MR3368728,
    AUTHOR = {Jia, Xiaodong and Jung, Achim and Kou, Hui and Li, Qingguo and
              Zhao, Haoran},
     TITLE = {All cartesian closed categories of quasicontinuous domains
              consist of domains},
   JOURNAL = {Theoret. Comput. Sci.},
  FJOURNAL = {Theoretical Computer Science},
    VOLUME = {594},
      YEAR = {2015},
     PAGES = {143--150},
      ISSN = {0304-3975},
   MRCLASS = {68Q55 (18C50)},
  MRNUMBER = {3368728},
MRREVIEWER = {Anna Labella},
       DOI = {10.1016/j.tcs.2015.05.014},
       URL = {https://doi-org.colorado.idm.oclc.org/10.1016/j.tcs.2015.05.014},
}
		
@inproceedings {MR3404205,
    AUTHOR = {Goubault-Larrecq, Jean and Jung, Achim},
     TITLE = {Q{RB}, {QFS}, and the probabilistic powerdomain},
 BOOKTITLE = {Proceedings of the 30th {C}onference on the {M}athematical
              {F}oundations of {P}rogramming {S}emantics ({MFPS} {XXX})},
    SERIES = {Electron. Notes Theor. Comput. Sci.},
    VOLUME = {308},
     PAGES = {167--182},
 PUBLISHER = {Elsevier Sci. B. V., Amsterdam},
      YEAR = {2014},
   MRCLASS = {68Q55 (06B30 54A99)},
  MRNUMBER = {3404205},
       DOI = {10.1016/j.entcs.2014.10.010},
       URL = {https://doi-org.colorado.idm.oclc.org/10.1016/j.entcs.2014.10.010},
}
		
@inproceedings {MR3404202,
    AUTHOR = {Chen, Liang-Ting and Jung, Achim},
     TITLE = {On a categorical framework for coalgebraic modal logic},
 BOOKTITLE = {Proceedings of the 30th {C}onference on the {M}athematical
              {F}oundations of {P}rogramming {S}emantics ({MFPS} {XXX})},
    SERIES = {Electron. Notes Theor. Comput. Sci.},
    VOLUME = {308},
     PAGES = {109--128},
 PUBLISHER = {Elsevier Sci. B. V., Amsterdam},
      YEAR = {2014},
   MRCLASS = {03B45 (18C50)},
  MRNUMBER = {3404202},
MRREVIEWER = {Josu\'{e}-Antonio Nescolarde-Selva},
       DOI = {10.1016/j.entcs.2014.10.007},
       URL = {https://doi-org.colorado.idm.oclc.org/10.1016/j.entcs.2014.10.007},
}
		
@incollection {MR3323830,
    AUTHOR = {Jung, Achim and Rivieccio, Umberto},
     TITLE = {Kripke semantics for modal bilattice logic},
 BOOKTITLE = {2013 28th {A}nnual {ACM}/{IEEE} {S}ymposium on {L}ogic in
              {C}omputer {S}cience ({LICS} 2013)},
     PAGES = {438--447},
 PUBLISHER = {IEEE Computer Soc., Los Alamitos, CA},
      YEAR = {2013},
   MRCLASS = {03B45 (03B50)},
  MRNUMBER = {3323830},
MRREVIEWER = {Szabolcs Mikul\'{a}s},
}
		
@incollection {MR3093092,
    AUTHOR = {Jung, Achim},
     TITLE = {Continuous domain theory in logical form},
 BOOKTITLE = {Computation, logic, games, and quantum foundations},
    SERIES = {Lecture Notes in Comput. Sci.},
    VOLUME = {7860},
     PAGES = {166--177},
 PUBLISHER = {Springer, Heidelberg},
      YEAR = {2013},
   MRCLASS = {68Q55 (06B35)},
  MRNUMBER = {3093092},
       DOI = {10.1007/978-3-642-38164-5_12},
       URL = {https://doi-org.colorado.idm.oclc.org/10.1007/978-3-642-38164-5_12},
}
		
@article {MR3054529,
    AUTHOR = {Jung, Achim and Rowe, Jonathan E.},
     TITLE = {Convergence of preference functions},
   JOURNAL = {Theoret. Comput. Sci.},
  FJOURNAL = {Theoretical Computer Science},
    VOLUME = {488},
      YEAR = {2013},
     PAGES = {66--77},
      ISSN = {0304-3975},
   MRCLASS = {68T37 (68T05 91B08)},
  MRNUMBER = {3054529},
       DOI = {10.1016/j.tcs.2013.03.023},
       URL = {https://doi-org.colorado.idm.oclc.org/10.1016/j.tcs.2013.03.023},
}
		
@article {MR2923538,
    AUTHOR = {Jung, A. and Rivieccio, U.},
     TITLE = {Priestley duality for bilattices},
   JOURNAL = {Studia Logica},
  FJOURNAL = {Studia Logica. An International Journal for Symbolic Logic},
    VOLUME = {100},
      YEAR = {2012},
    NUMBER = {1-2},
     PAGES = {223--252},
      ISSN = {0039-3215},
   MRCLASS = {06D50 (03G10 06D05 06D20 06D30)},
  MRNUMBER = {2923538},
MRREVIEWER = {Brian A. Davey},
       DOI = {10.1007/s11225-012-9376-0},
       URL = {https://doi-org.colorado.idm.oclc.org/10.1007/s11225-012-9376-0},
}
		
@article {MR2812464,
    AUTHOR = {Klinke, Olaf Karl and Jung, Achim and Moshier, M. Andrew},
     TITLE = {A bitopological point-free approach to compactifications},
   JOURNAL = {Topology Appl.},
  FJOURNAL = {Topology and its Applications},
    VOLUME = {158},
      YEAR = {2011},
    NUMBER = {13},
     PAGES = {1551--1566},
      ISSN = {0166-8641},
   MRCLASS = {54E55 (06D22 54B30 54D35 54E05)},
  MRNUMBER = {2812464},
MRREVIEWER = {Javier Guti\'{e}rrez Garc\'{i}a},
       DOI = {10.1016/j.topol.2011.05.024},
       URL = {https://doi-org.colorado.idm.oclc.org/10.1016/j.topol.2011.05.024},
}
		
@article {MR2607092,
    AUTHOR = {Reus, Bernhard and Jung, Achim and Keimel, Klaus and
              Streicher, Thomas},
     TITLE = {Preface for the special issue on domains},
   JOURNAL = {Math. Structures Comput. Sci.},
  FJOURNAL = {Mathematical Structures in Computer Science. A Journal in the
              Applications of Categorical, Algebraic and Geometric Methods
              in Computer Science},
    VOLUME = {20},
      YEAR = {2010},
    NUMBER = {2},
     PAGES = {105--106},
      ISSN = {0960-1295},
   MRCLASS = {68-06},
  MRNUMBER = {2607092},
       DOI = {10.1017/S0960129509990338},
       URL = {https://doi-org.colorado.idm.oclc.org/10.1017/S0960129509990338},
}
		
@article {MR2449671,
    AUTHOR = {Borceux, Francis and Jung, Achim and Rosick\'{y}, Ji\v{r}\'{i} and Sousa,
              Lurdes},
     TITLE = {Foreword [{D}edicated to {J}. {A}damek. {V}ol. 1]},
   JOURNAL = {Cah. Topol. G\'{e}om. Diff\'{e}r. Cat\'{e}g.},
  FJOURNAL = {Cahiers de Topologie et G\'{e}om\'{e}trie Diff\'{e}rentielle Cat\'{e}goriques},
    VOLUME = {49},
      YEAR = {2008},
    NUMBER = {3},
     PAGES = {163--175},
      ISSN = {1245-530X},
   MRCLASS = {01A70},
  MRNUMBER = {2449671},
}
		
@article {MR2437837,
    AUTHOR = {Jung, Achim and Moshier, M. Andrew},
     TITLE = {A {H}ofmann-{M}islove theorem for bitopological spaces},
   JOURNAL = {J. Log. Algebr. Program.},
  FJOURNAL = {The Journal of Logic and Algebraic Programming},
    VOLUME = {76},
      YEAR = {2008},
    NUMBER = {2},
     PAGES = {161--174},
      ISSN = {1567-8326},
   MRCLASS = {54E55 (06D22 68N17 68Q55)},
  MRNUMBER = {2437837},
       DOI = {10.1016/j.jlap.2008.02.007},
       URL = {https://doi-org.colorado.idm.oclc.org/10.1016/j.jlap.2008.02.007},
}
		
@article {MR2274704,
    AUTHOR = {Chen, Yi-Xiang and Jung, Achim},
     TITLE = {A logical approach to stable domains},
   JOURNAL = {Theoret. Comput. Sci.},
  FJOURNAL = {Theoretical Computer Science},
    VOLUME = {368},
      YEAR = {2006},
    NUMBER = {1-2},
     PAGES = {124--148},
      ISSN = {0304-3975},
   MRCLASS = {68Q55 (03G10 06B35)},
  MRNUMBER = {2274704},
MRREVIEWER = {Dieter Spreen},
       DOI = {10.1016/j.tcs.2006.09.005},
       URL = {https://doi-org.colorado.idm.oclc.org/10.1016/j.tcs.2006.09.005},
}
		
@article {MR2228850,
    AUTHOR = {Escard\'{o}, Mart\'{i}n and Jung, Achim and Streicher, Thomas},
     TITLE = {Preface [{D}edicated to {K}laus {K}eimel on the occasion of
              his 65th birthday]},
   JOURNAL = {Math. Structures Comput. Sci.},
  FJOURNAL = {Mathematical Structures in Computer Science. A Journal in the
              Applications of Categorical, Algebraic and Geometric Methods
              in Computer Science},
    VOLUME = {16},
      YEAR = {2006},
    NUMBER = {2},
     PAGES = {139--140},
      ISSN = {0960-1295},
   MRCLASS = {68-06},
  MRNUMBER = {2228850},
       DOI = {10.1017/S096012950600510X},
       URL = {https://doi-org.colorado.idm.oclc.org/10.1017/S096012950600510X},
}
		
@article {MR2103232,
    AUTHOR = {Edalat, Abbas and Jung, Achim},
     TITLE = {Introduction to special issue on domain theory},
   JOURNAL = {Math. Structures Comput. Sci.},
  FJOURNAL = {Mathematical Structures in Computer Science. A Journal in the
              Applications of Categorical, Algebraic and Geometric Methods
              in Computer Science},
    VOLUME = {14},
      YEAR = {2004},
    NUMBER = {6},
     PAGES = {769},
      ISSN = {0960-1295},
   MRCLASS = {68-06},
  MRNUMBER = {2103232},
       DOI = {10.1017/S0960129504004347},
       URL = {https://doi-org.colorado.idm.oclc.org/10.1017/S0960129504004347},
}
		
@article {MR2102351,
    AUTHOR = {Alvarez-Manilla, Mauricio and Jung, Achim and Keimel, Klaus},
     TITLE = {The probabilistic powerdomain for stably compact spaces},
   JOURNAL = {Theoret. Comput. Sci.},
  FJOURNAL = {Theoretical Computer Science},
    VOLUME = {328},
      YEAR = {2004},
    NUMBER = {3},
     PAGES = {221--244},
      ISSN = {0304-3975},
   MRCLASS = {28C05 (28A33 54C35 54H05 68Q55)},
  MRNUMBER = {2102351},
MRREVIEWER = {Vasily A. Chernecky},
       DOI = {10.1016/j.tcs.2004.06.021},
       URL = {https://doi-org.colorado.idm.oclc.org/10.1016/j.tcs.2004.06.021},
}
		
@article {MR2078183,
    AUTHOR = {Birkedal, Lars and Escard\'{o}, Marti\'{n} and Jung, Achim and
              Rosolini, Giuseppe},
     TITLE = {Preface [{R}ecent developments in domain theory: a collection
              of papers in honour of {D}ana {S}. {S}cott]},
   JOURNAL = {Theoret. Comput. Sci.},
  FJOURNAL = {Theoretical Computer Science},
    VOLUME = {316},
      YEAR = {2004},
    NUMBER = {1-3},
     PAGES = {1--2},
      ISSN = {0304-3975},
   MRCLASS = {00B30 (68-06)},
  MRNUMBER = {2078183},
       DOI = {10.1016/j.tcs.2004.01.021},
       URL = {https://doi-org.colorado.idm.oclc.org/10.1016/j.tcs.2004.01.021},
}
		
@incollection {MR2048051,
    AUTHOR = {Moshier, M. Andrew and Jung, Achim},
     TITLE = {A logic for probabilities in semantics},
 BOOKTITLE = {Computer science logic},
    SERIES = {Lecture Notes in Comput. Sci.},
    VOLUME = {2471},
     PAGES = {216--231},
 PUBLISHER = {Springer, Berlin},
      YEAR = {2002},
   MRCLASS = {68Q55 (06B35)},
  MRNUMBER = {2048051},
       DOI = {10.1007/3-540-45793-3_15},
       URL = {https://doi-org.colorado.idm.oclc.org/10.1007/3-540-45793-3_15},
}
		
@article {MR1914705,
    AUTHOR = {Huth, Michael and Jung, Achim and Keimel, Klaus},
     TITLE = {Linear types and approximation},
   JOURNAL = {Math. Structures Comput. Sci.},
  FJOURNAL = {Mathematical Structures in Computer Science. A Journal in the
              Applications of Categorical, Algebraic and Geometric Methods
              in Computer Science},
    VOLUME = {10},
      YEAR = {2000},
    NUMBER = {6},
     PAGES = {719--745},
      ISSN = {0960-1295},
   MRCLASS = {03F52 (06B35 68Q55)},
  MRNUMBER = {1914705},
MRREVIEWER = {R. Gylys},
       DOI = {10.1017/S0960129500003200},
       URL = {https://doi-org.colorado.idm.oclc.org/10.1017/S0960129500003200},
}
		
@article {MR1710300,
    AUTHOR = {Jung, Achim and Kegelmann, Mathias and Moshier, M. Andrew},
     TITLE = {Multilingual sequent calculus and coherent spaces},
   JOURNAL = {Fund. Inform.},
  FJOURNAL = {Fundamenta Informaticae},
    VOLUME = {37},
      YEAR = {1999},
    NUMBER = {4},
     PAGES = {369--412},
      ISSN = {0169-2968},
   MRCLASS = {68Q55 (03F05)},
  MRNUMBER = {1710300},
MRREVIEWER = {Martin Hofmann},
}
		
@incollection {MR1677493,
    AUTHOR = {Jung, Achim and Tix, Regina},
     TITLE = {The troublesome probabilistic powerdomain},
 BOOKTITLE = {Third {W}orkshop on {C}omputation and {A}pproximation
              ({C}omprox {III}) ({B}irmingham, 1997)},
    SERIES = {Electron. Notes Theor. Comput. Sci.},
    VOLUME = {13},
     PAGES = {22},
 PUBLISHER = {Elsevier Sci. B. V., Amsterdam},
      YEAR = {1998},
   MRCLASS = {06B35 (68Q55)},
  MRNUMBER = {1677493},
MRREVIEWER = {Vladimiro Sassone},
}
		
@article {MR1601630,
    AUTHOR = {Jung, Achim and S\"{u}nderhauf, Philipp},
     TITLE = {Uniform approximation of topological spaces},
   JOURNAL = {Topology Appl.},
  FJOURNAL = {Topology and its Applications},
    VOLUME = {83},
      YEAR = {1998},
    NUMBER = {1},
     PAGES = {23--37},
      ISSN = {0166-8641},
   MRCLASS = {54E15 (06B35 54D30 54F05)},
  MRNUMBER = {1601630},
       DOI = {10.1016/S0166-8641(97)00074-6},
       URL = {https://doi-org.colorado.idm.oclc.org/10.1016/S0166-8641(97)00074-6},
}
		
@incollection {MR1486179,
    AUTHOR = {Jung, Achim and Kegelmann, Mathias and Moshier, M. Andrew},
     TITLE = {Multilingual sequent calculus and coherent spaces},
 BOOKTITLE = {Mathematical foundations of programming semantics
              ({P}ittsburgh, {PA}, 1997)},
    SERIES = {Electron. Notes Theor. Comput. Sci.},
    VOLUME = {6},
     PAGES = {18},
 PUBLISHER = {Elsevier Sci. B. V., Amsterdam},
      YEAR = {1997},
   MRCLASS = {03B70 (03B22 03F05 68Q55)},
  MRNUMBER = {1486179},
MRREVIEWER = {Steve Awodey},
}
		
@incollection {MR1429656,
    AUTHOR = {Jung, Achim and S\"{u}nderhauf, Philipp},
     TITLE = {On the duality of compact vs. open},
 BOOKTITLE = {Papers on general topology and applications ({G}orham, {ME},
              1995)},
    SERIES = {Ann. New York Acad. Sci.},
    VOLUME = {806},
     PAGES = {214--230},
 PUBLISHER = {New York Acad. Sci., New York},
      YEAR = {1996},
   MRCLASS = {54H99 (06E15 54D30)},
  MRNUMBER = {1429656},
       DOI = {10.1111/j.1749-6632.1996.tb49171.x},
       URL = {https://doi-org.colorado.idm.oclc.org/10.1111/j.1749-6632.1996.tb49171.x},
}
		
@incollection {MR1486855,
    AUTHOR = {Jung, Achim and Puhlmann, Hermann},
     TITLE = {Types, logic, and semantics for nested databases},
 BOOKTITLE = {Mathematical foundations of programming semantics ({N}ew
              {O}rleans, {LA}, 1995)},
    SERIES = {Electron. Notes Theor. Comput. Sci.},
    VOLUME = {1},
     PAGES = {21},
 PUBLISHER = {Elsevier Sci. B. V., Amsterdam},
      YEAR = {1995},
   MRCLASS = {68P15 (68Q55)},
  MRNUMBER = {1486855},
}
		
@incollection {MR1365749,
    AUTHOR = {Abramsky, Samson and Jung, Achim},
     TITLE = {Domain theory},
 BOOKTITLE = {Handbook of logic in computer science, {V}ol. 3},
    SERIES = {Handb. Log. Comput. Sci.},
    VOLUME = {3},
     PAGES = {1--168},
 PUBLISHER = {Oxford Univ. Press, New York},
      YEAR = {1994},
   MRCLASS = {68Q55 (03B70 06B35)},
  MRNUMBER = {1365749},
MRREVIEWER = {Guo-Qiang Zhang},
}
		
@incollection {MR1233152,
    AUTHOR = {Jung, Achim and Tiuryn, Jerzy},
     TITLE = {A new characterization of lambda definability},
 BOOKTITLE = {Typed lambda calculi and applications ({U}trecht, 1993)},
    SERIES = {Lecture Notes in Comput. Sci.},
    VOLUME = {664},
     PAGES = {245--257},
 PUBLISHER = {Springer, Berlin},
      YEAR = {1993},
   MRCLASS = {03B40 (03B70 68Q55)},
  MRNUMBER = {1233152},
       DOI = {10.1007/BFb0037110},
       URL = {https://doi-org.colorado.idm.oclc.org/10.1007/BFb0037110},
}
		
@incollection {MR1233151,
    AUTHOR = {Jung, Achim and Stoughton, Allen},
     TITLE = {Studying the fully abstract model of {PCF} within its
              continuous function model},
 BOOKTITLE = {Typed lambda calculi and applications ({U}trecht, 1993)},
    SERIES = {Lecture Notes in Comput. Sci.},
    VOLUME = {664},
     PAGES = {230--244},
 PUBLISHER = {Springer, Berlin},
      YEAR = {1993},
   MRCLASS = {03B40 (03B70 68Q55)},
  MRNUMBER = {1233151},
       DOI = {10.1007/BFb0037109},
       URL = {https://doi-org.colorado.idm.oclc.org/10.1007/BFb0037109},
}
		
@incollection {MR1251318,
    AUTHOR = {Jung, Achim and Libkin, Leonid and Puhlmann, Hermann},
     TITLE = {Decomposition of domains},
 BOOKTITLE = {Mathematical foundations of programming semantics
              ({P}ittsburgh, {PA}, 1991)},
    SERIES = {Lecture Notes in Comput. Sci.},
    VOLUME = {598},
     PAGES = {235--258},
 PUBLISHER = {Springer, Berlin},
      YEAR = {1992},
   MRCLASS = {68P15},
  MRNUMBER = {1251318},
       DOI = {10.1007/3-540-55511-0_12},
       URL = {https://doi-org.colorado.idm.oclc.org/10.1007/3-540-55511-0_12},
}
		
@article {MR1142556,
    AUTHOR = {Buneman, Peter and Jung, Achim and Ohori, Atsushi},
     TITLE = {Using powerdomains to generalize relational databases},
   JOURNAL = {Theoret. Comput. Sci.},
  FJOURNAL = {Theoretical Computer Science},
    VOLUME = {91},
      YEAR = {1991},
    NUMBER = {1},
     PAGES = {23--55},
      ISSN = {0304-3975},
   MRCLASS = {68P15 (06B35 68Q55)},
  MRNUMBER = {1142556},
MRREVIEWER = {Wesley Phoa},
       DOI = {10.1016/0304-3975(91)90266-5},
       URL = {https://doi-org.colorado.idm.oclc.org/10.1016/0304-3975(91)90266-5},
}
		
@article {MR1122584,
    AUTHOR = {Jung, Achim},
     TITLE = {The dependent product construction in various categories of
              domains},
   JOURNAL = {Theoret. Comput. Sci.},
  FJOURNAL = {Theoretical Computer Science},
    VOLUME = {79},
      YEAR = {1991},
    NUMBER = {2, (Part B)},
     PAGES = {359--363},
      ISSN = {0304-3975},
   MRCLASS = {68Q55 (06B35)},
  MRNUMBER = {1122584},
       DOI = {10.1016/0304-3975(91)90338-3},
       URL = {https://doi-org.colorado.idm.oclc.org/10.1016/0304-3975(91)90338-3},
}
		
@incollection {MR1099158,
    AUTHOR = {Jung, Achim},
     TITLE = {The classification of continuous domains (extended abstract)},
 BOOKTITLE = {Fifth {A}nnual {IEEE} {S}ymposium on {L}ogic in {C}omputer
              {S}cience ({P}hiladelphia, {PA}, 1990)},
     PAGES = {35--40},
 PUBLISHER = {IEEE Comput. Soc. Press, Los Alamitos, CA},
      YEAR = {1990},
   MRCLASS = {68Q55},
  MRNUMBER = {1099158},
       DOI = {10.1109/LICS.1990.113731},
       URL = {https://doi-org.colorado.idm.oclc.org/10.1109/LICS.1990.113731},
}
		
@article {MR1044541,
    AUTHOR = {Jung, Achim},
     TITLE = {Cartesian closed categories of algebraic cpo's},
   JOURNAL = {Theoret. Comput. Sci.},
  FJOURNAL = {Theoretical Computer Science},
    VOLUME = {70},
      YEAR = {1990},
    NUMBER = {2},
     PAGES = {233--250},
      ISSN = {0304-3975},
   MRCLASS = {68Q55 (06B35 18D15)},
  MRNUMBER = {1044541},
MRREVIEWER = {Philip S. Mulry},
       DOI = {10.1016/0304-3975(90)90124-Z},
       URL = {https://doi-org.colorado.idm.oclc.org/10.1016/0304-3975(90)90124-Z},
}
		
@article {MR1037693,
    AUTHOR = {Gunter, Carl A. and Jung, Achim},
     TITLE = {Coherence and consistency in domains},
   JOURNAL = {J. Pure Appl. Algebra},
  FJOURNAL = {Journal of Pure and Applied Algebra},
    VOLUME = {63},
      YEAR = {1990},
    NUMBER = {1},
     PAGES = {49--66},
      ISSN = {0022-4049},
   MRCLASS = {68Q55},
  MRNUMBER = {1037693},
       DOI = {10.1016/0022-4049(90)90055-M},
       URL = {https://doi-org.colorado.idm.oclc.org/10.1016/0022-4049(90)90055-M},
}
		
@book {MR1006873,
    AUTHOR = {Jung, A.},
     TITLE = {Cartesian closed categories of domains},
    SERIES = {CWI Tract},
    VOLUME = {66},
 PUBLISHER = {Stichting Mathematisch Centrum, Centrum voor Wiskunde en
              Informatica, Amsterdam},
      YEAR = {1989},
     PAGES = {110},
      ISBN = {90-6196-376-1},
   MRCLASS = {06B35 (18D15 54F05 68Q55)},
  MRNUMBER = {1006873},
MRREVIEWER = {Jimmie D. Lawson},
}
		
@incollection {MR948495,
    AUTHOR = {Jung, Achim},
     TITLE = {New results on hierarchies of domains},
 BOOKTITLE = {Mathematical foundations of programming language semantics
              ({N}ew {O}rleans, {LA}, 1987)},
    SERIES = {Lecture Notes in Comput. Sci.},
    VOLUME = {298},
     PAGES = {303--310},
 PUBLISHER = {Springer, Berlin},
      YEAR = {1988},
   MRCLASS = {68Q55},
  MRNUMBER = {948495},
MRREVIEWER = {John Shawe-Taylor},
       DOI = {10.1007/3-540-19020-1_15},
       URL = {https://doi-org.colorado.idm.oclc.org/10.1007/3-540-19020-1_15},
}
		
@article {MR937559,
    AUTHOR = {Nelson, E. and Ad\'{a}mek, J. and Jung, A. and Reiterman, J. and
              Tarlecki, A.},
     TITLE = {Comparison of subset systems},
   JOURNAL = {Comment. Math. Univ. Carolin.},
  FJOURNAL = {Commentationes Mathematicae Universitatis Carolinae},
    VOLUME = {29},
      YEAR = {1988},
    NUMBER = {1},
     PAGES = {169--177},
      ISSN = {0010-2628},
   MRCLASS = {06A23},
  MRNUMBER = {937559},
MRREVIEWER = {James W. Lea, Jr.},
}