@article {MR3812320,
    AUTHOR = {Gauthier, Thibault and Kaliszyk, Cezary},
     TITLE = {Aligning concepts across proof assistant libraries},
   JOURNAL = {J. Symbolic Comput.},
  FJOURNAL = {Journal of Symbolic Computation},
    VOLUME = {90},
      YEAR = {2019},
     PAGES = {89--123},
      ISSN = {0747-7171},
   MRCLASS = {68T27 (03B15 03B35)},
  MRNUMBER = {3812320},
       DOI = {10.1016/j.jsc.2018.04.005},
       URL = {https://doi-org.colorado.idm.oclc.org/10.1016/j.jsc.2018.04.005},
}
		
@incollection {MR3835990,
    AUTHOR = {Parsert, Julian and Kaliszyk, Cezary},
     TITLE = {Towards formal foundations for game theory},
 BOOKTITLE = {Interactive theorem proving},
    SERIES = {Lecture Notes in Comput. Sci.},
    VOLUME = {10895},
     PAGES = {495--503},
 PUBLISHER = {Springer, Cham},
      YEAR = {2018},
   MRCLASS = {03B35 (91A35)},
  MRNUMBER = {3835990},
}
		
@article {MR3808937,
    AUTHOR = {Fontaine, Pascal and Kaliszyk, Cezary and Schulz, Stephan and
              Urban, Josef},
     TITLE = {Foreword to the special issue on automated reasoning},
   JOURNAL = {AI Commun.},
  FJOURNAL = {AI Communications. The European Journal on Artificial
              Intelligence},
    VOLUME = {31},
      YEAR = {2018},
    NUMBER = {3},
     PAGES = {235--236},
      ISSN = {0921-7126},
   MRCLASS = {Expansion},
  MRNUMBER = {3808937},
       DOI = {10.3233/aic-180765},
       URL = {https://doi-org.colorado.idm.oclc.org/10.3233/aic-180765},
}
		
@article {MR3806505,
    AUTHOR = {Czajka, \L ukasz and Kaliszyk, Cezary},
     TITLE = {Hammer for {C}oq: automation for dependent type theory},
   JOURNAL = {J. Automat. Reason.},
  FJOURNAL = {Journal of Automated Reasoning},
    VOLUME = {61},
      YEAR = {2018},
    NUMBER = {1-4},
     PAGES = {423--453},
      ISSN = {0168-7433},
   MRCLASS = {68T15 (03B35)},
  MRNUMBER = {3806505},
       DOI = {10.1007/s10817-018-9458-4},
       URL = {https://doi-org.colorado.idm.oclc.org/10.1007/s10817-018-9458-4},
}
		
@incollection {MR3794753,
    AUTHOR = {Gauthier, Thibault and Kaliszyk, Cezary and Urban, Josef},
     TITLE = {Tactic{T}oe: learning to reason with {HOL}4 tactics},
 BOOKTITLE = {L{PAR}-21. 21st {I}nternational {C}onference on {L}ogic for
              {P}rogramming, {A}rtificial {I}ntelligence and {R}easoning},
    SERIES = {EPiC Ser. Comput.},
    VOLUME = {46},
     PAGES = {125--143},
 PUBLISHER = {EasyChair, Manchester},
      YEAR = {2017},
   MRCLASS = {68T15},
  MRNUMBER = {3794753},
}
		
@incollection {MR3794751,
    AUTHOR = {Loos, Sarah and Irving, Geoffrey and Szegedy, Christian and
              Kaliszyk, Cezary},
     TITLE = {Deep network guided proof search},
 BOOKTITLE = {L{PAR}-21. 21st {I}nternational {C}onference on {L}ogic for
              {P}rogramming, {A}rtificial {I}ntelligence and {R}easoning},
    SERIES = {EPiC Ser. Comput.},
    VOLUME = {46},
     PAGES = {85--105},
 PUBLISHER = {EasyChair, Manchester},
      YEAR = {2017},
   MRCLASS = {68T05 (68T15)},
  MRNUMBER = {3794751},
}
		
@incollection {MR3706437,
    AUTHOR = {Kaliszyk, Cezary and Urban, Josef and Vysko\v{c}il, Ji\v{r}\'{\i}},
     TITLE = {Automating formalization by statistical and semantic parsing
              of mathematics},
 BOOKTITLE = {Interactive theorem proving},
    SERIES = {Lecture Notes in Comput. Sci.},
    VOLUME = {10499},
     PAGES = {12--27},
 PUBLISHER = {Springer, Cham},
      YEAR = {2017},
   MRCLASS = {68T15 (68T50)},
  MRNUMBER = {3706437},
}
		
@incollection {MR3691045,
    AUTHOR = {F\"{a}rber, Michael and Kaliszyk, Cezary and Urban, Josef},
     TITLE = {Monte {C}arlo tableau proof search},
 BOOKTITLE = {Automated deduction---{CADE} 26},
    SERIES = {Lecture Notes in Comput. Sci.},
    VOLUME = {10395},
     PAGES = {563--579},
 PUBLISHER = {Springer, Cham},
      YEAR = {2017},
   MRCLASS = {03B35 (68T15)},
  MRNUMBER = {3691045},
}
		
@article {MR3659768,
    AUTHOR = {Hales, Thomas and Adams, Mark and Bauer, Gertrud and Dang, Tat
              Dat and Harrison, John and Le Truong Hoang and Kaliszyk,
              Cezary and Magron, Victor and McLaughlin, Sean and Nguyen, Tat
              Thang and Nguyen, Quang Truong and Nipkow, Tobias and Obua,
              Steven and Pleso, Joseph and Rute, Jason and Solovyev, Alexey
              and Ta, Thi Hoai An and Tran, Nam Trung and Trieu, Thi Diep
              and Urban, Josef and Vu, Ky and Zumkeller, Roland},
     TITLE = {A formal proof of the {K}epler conjecture},
   JOURNAL = {Forum Math. Pi},
  FJOURNAL = {Forum of Mathematics. Pi},
    VOLUME = {5},
      YEAR = {2017},
     PAGES = {e2, 29},
      ISSN = {2050-5086},
   MRCLASS = {52C17 (05B40)},
  MRNUMBER = {3659768},
MRREVIEWER = {Martin Henk},
       DOI = {10.1017/fmp.2017.1},
       URL = {https://doi-org.colorado.idm.oclc.org/10.1017/fmp.2017.1},
}
		
@inproceedings {MR3662737,
    AUTHOR = {Czajka, \L ukasz and Kaliszyk, Cezary},
     TITLE = {Goal translation for a hammer for {C}oq (extended abstract)},
 BOOKTITLE = {Proceedings {F}irst {I}nternational {W}orkshop on {H}ammers
              for {T}ype {T}heories},
    SERIES = {Electron. Proc. Theor. Comput. Sci. (EPTCS)},
    VOLUME = {210},
     PAGES = {13--20},
 PUBLISHER = {EPTCS, [place of publication not identified]},
      YEAR = {2016},
   MRCLASS = {68T15},
  MRNUMBER = {3662737},
}
		
@incollection {MR3568428,
    AUTHOR = {Aspinall, David and Kaliszyk, Cezary},
     TITLE = {What's in a theorem name?},
 BOOKTITLE = {Interactive theorem proving},
    SERIES = {Lecture Notes in Comput. Sci.},
    VOLUME = {9807},
     PAGES = {459--465},
 PUBLISHER = {Springer, [Cham]},
      YEAR = {2016},
   MRCLASS = {68T15},
  MRNUMBER = {3568428},
       DOI = {10.1007/978-3-319-43144-4_28},
       URL = {https://doi-org.colorado.idm.oclc.org/10.1007/978-3-319-43144-4_28},
}
		
@article {MR3543235,
    AUTHOR = {Blanchette, Jasmin Christian and Greenaway, David and
              Kaliszyk, Cezary and K\"{u}hlwein, Daniel and Urban, Josef},
     TITLE = {A learning-based fact selector for {I}sabelle/{HOL}},
   JOURNAL = {J. Automat. Reason.},
  FJOURNAL = {Journal of Automated Reasoning},
    VOLUME = {57},
      YEAR = {2016},
    NUMBER = {3},
     PAGES = {219--244},
      ISSN = {0168-7433},
   MRCLASS = {68T15 (68T05)},
  MRNUMBER = {3543235},
       DOI = {10.1007/s10817-016-9362-8},
       URL = {https://doi-org.colorado.idm.oclc.org/10.1007/s10817-016-9362-8},
}
		
@article {MR3460643,
    AUTHOR = {Blanchette, Jasmin C. and Kaliszyk, Cezary and Paulson,
              Lawrence C. and Urban, Josef},
     TITLE = {Hammering towards {QED}},
   JOURNAL = {J. Formaliz. Reason.},
  FJOURNAL = {Journal of Formalized Reasoning},
    VOLUME = {9},
      YEAR = {2016},
    NUMBER = {1},
     PAGES = {101--148},
      ISSN = {1972-5787},
   MRCLASS = {03B35 (68T15)},
  MRNUMBER = {3460643},
MRREVIEWER = {Andrzej Wi\'{s}nicki},
}
		
@incollection {MR3489572,
    AUTHOR = {Kaliszyk, Cezary},
     TITLE = {Efficient low-level connection tableaux},
 BOOKTITLE = {Automated reasoning with analytic tableaux and related
              methods},
    SERIES = {Lecture Notes in Comput. Sci.},
    VOLUME = {9323},
     PAGES = {102--111},
 PUBLISHER = {Springer, Cham},
      YEAR = {2015},
   MRCLASS = {68N20},
  MRNUMBER = {3489572},
       DOI = {10.1007/978-3-319-24312-2_8},
       URL = {https://doi-org.colorado.idm.oclc.org/10.1007/978-3-319-24312-2_8},
}
		
@incollection {MR3485550,
    AUTHOR = {Gauthier, Thibault and Kaliszyk, Cezary},
     TITLE = {Sharing {HOL}4 and {HOL} light proof knowledge},
 BOOKTITLE = {Logic for programming, artificial intelligence, and reasoning},
    SERIES = {Lecture Notes in Comput. Sci.},
    VOLUME = {9450},
     PAGES = {372--386},
 PUBLISHER = {Springer, Heidelberg},
      YEAR = {2015},
   MRCLASS = {68T30 (03B15 03B35)},
  MRNUMBER = {3485550},
       DOI = {10.1007/978-3-662-48899-7_26},
       URL = {https://doi-org.colorado.idm.oclc.org/10.1007/978-3-662-48899-7_26},
}
		
@incollection {MR3485531,
    AUTHOR = {Kaliszyk, Cezary and Urban, Josef},
     TITLE = {F{EM}a{L}e{C}o{P}: fairly efficient machine learning
              connection prover},
 BOOKTITLE = {Logic for programming, artificial intelligence, and reasoning},
    SERIES = {Lecture Notes in Comput. Sci.},
    VOLUME = {9450},
     PAGES = {88--96},
 PUBLISHER = {Springer, Heidelberg},
      YEAR = {2015},
   MRCLASS = {68T05 (68T15)},
  MRNUMBER = {3485531},
       DOI = {10.1007/978-3-662-48899-7_7},
       URL = {https://doi-org.colorado.idm.oclc.org/10.1007/978-3-662-48899-7_7},
}
		
@incollection {MR3478061,
    AUTHOR = {Kaliszyk, Cezary and Urban, Josef and Vysko\v{c}il, Ji\v{r}\'{\i}},
     TITLE = {Lemmatization for stronger reasoning in large theories},
 BOOKTITLE = {Frontiers of combining systems},
    SERIES = {Lecture Notes in Comput. Sci.},
    VOLUME = {9322},
     PAGES = {341--356},
 PUBLISHER = {Springer, Cham},
      YEAR = {2015},
   MRCLASS = {68T15},
  MRNUMBER = {3478061},
       DOI = {10.1007/978-3-319-24246-0_21},
       URL = {https://doi-org.colorado.idm.oclc.org/10.1007/978-3-319-24246-0_21},
}
		
@incollection {MR3478060,
    AUTHOR = {F\"{a}rber, Michael and Kaliszyk, Cezary},
     TITLE = {Random forests for premise selection},
 BOOKTITLE = {Frontiers of combining systems},
    SERIES = {Lecture Notes in Comput. Sci.},
    VOLUME = {9322},
     PAGES = {325--340},
 PUBLISHER = {Springer, Cham},
      YEAR = {2015},
   MRCLASS = {68T15 (68T05)},
  MRNUMBER = {3478060},
       DOI = {10.1007/978-3-319-24246-0_20},
       URL = {https://doi-org.colorado.idm.oclc.org/10.1007/978-3-319-24246-0_20},
}
		
@incollection {MR3447420,
    AUTHOR = {Kaliszyk, Cezary and Urban, Josef and Vysko\v{c}il, Ji\v{r}\'{\i}},
     TITLE = {Learning to parse on aligned corpora (rough diamond)},
 BOOKTITLE = {Interactive theorem proving},
    SERIES = {Lecture Notes in Comput. Sci.},
    VOLUME = {9236},
     PAGES = {227--233},
 PUBLISHER = {Springer, Cham},
      YEAR = {2015},
   MRCLASS = {68T15 (03B35)},
  MRNUMBER = {3447420},
       DOI = {10.1007/978-3-319-22102-1_15},
       URL = {https://doi-org.colorado.idm.oclc.org/10.1007/978-3-319-22102-1_15},
}
		
@incollection {MR3446906,
    AUTHOR = {Kaliszyk, Cezary and Schulz, Stephan and Urban, Josef and
              Vysko\v{c}il, Ji\v{r}\'{\i}},
     TITLE = {System description: {E}.{T}. 0.1},
 BOOKTITLE = {Automated deduction---{CADE} 25},
    SERIES = {Lecture Notes in Comput. Sci.},
    VOLUME = {9195},
     PAGES = {389--398},
 PUBLISHER = {Springer, Cham},
      YEAR = {2015},
   MRCLASS = {03B35},
  MRNUMBER = {3446906},
       DOI = {10.1007/978-3-319-21401-6_27},
       URL = {https://doi-org.colorado.idm.oclc.org/10.1007/978-3-319-21401-6_27},
}
		
@article {MR3402517,
    AUTHOR = {Kaliszyk, Cezary and Urban, Josef},
     TITLE = {Miz{AR} 40 for {M}izar 40},
   JOURNAL = {J. Automat. Reason.},
  FJOURNAL = {Journal of Automated Reasoning},
    VOLUME = {55},
      YEAR = {2015},
    NUMBER = {3},
     PAGES = {245--256},
      ISSN = {0168-7433},
   MRCLASS = {68T15 (03B35 68T05)},
  MRNUMBER = {3402517},
       DOI = {10.1007/s10817-015-9330-8},
       URL = {https://doi-org.colorado.idm.oclc.org/10.1007/s10817-015-9330-8},
}
		
@article {MR3298443,
    AUTHOR = {Kaliszyk, Cezary and Urban, Josef},
     TITLE = {Learning-assisted theorem proving with millions of lemmas},
   JOURNAL = {J. Symbolic Comput.},
  FJOURNAL = {Journal of Symbolic Computation},
    VOLUME = {69},
      YEAR = {2015},
     PAGES = {109--128},
      ISSN = {0747-7171},
   MRCLASS = {68T15 (03B35)},
  MRNUMBER = {3298443},
       DOI = {10.1016/j.jsc.2014.09.032},
       URL = {https://doi-org.colorado.idm.oclc.org/10.1016/j.jsc.2014.09.032},
}
		
@article {MR3290486,
    AUTHOR = {Kaliszyk, Cezary and Urban, Josef},
     TITLE = {Erratum to: {L}earning-assisted automated reasoning with
              {F}lyspeck [MR3225763]},
   JOURNAL = {J. Automat. Reason.},
  FJOURNAL = {Journal of Automated Reasoning},
    VOLUME = {54},
      YEAR = {2015},
    NUMBER = {1},
     PAGES = {99},
      ISSN = {0168-7433},
   MRCLASS = {68T37 (68T05)},
  MRNUMBER = {3290486},
       DOI = {10.1007/s10817-014-9315-z},
       URL = {https://doi-org.colorado.idm.oclc.org/10.1007/s10817-014-9315-z},
}
		
@inproceedings {MR3602151,
    AUTHOR = {Joosten, Sebastiaan and Kaliszyk, Cezary and Urban, Josef},
     TITLE = {Initial experiments with {TPTP}-style automated theorem
              provers on {ACL}2 problems},
 BOOKTITLE = {Proceedings {T}welfth {I}nternational {W}orkshop on the {ACL}2
              {T}heorem {P}rover and its {A}pplications},
    SERIES = {Electron. Proc. Theor. Comput. Sci. (EPTCS)},
    VOLUME = {152},
     PAGES = {77--85},
 PUBLISHER = {EPTCS, [place of publication not identified]},
      YEAR = {2014},
   MRCLASS = {68T15},
  MRNUMBER = {3602151},
}
		
@article {MR3225763,
    AUTHOR = {Kaliszyk, Cezary and Urban, Josef},
     TITLE = {Learning-assisted automated reasoning with {$\ssf{Flyspeck}$}},
   JOURNAL = {J. Automat. Reason.},
  FJOURNAL = {Journal of Automated Reasoning},
    VOLUME = {53},
      YEAR = {2014},
    NUMBER = {2},
     PAGES = {173--213},
      ISSN = {0168-7433},
   MRCLASS = {68T37 (68T05)},
  MRNUMBER = {3225763},
       DOI = {10.1007/s10817-014-9303-3},
       URL = {https://doi-org.colorado.idm.oclc.org/10.1007/s10817-014-9303-3},
}
		
@incollection {MR3163664,
    AUTHOR = {Kaliszyk, Cezary and Urban, Josef},
     TITLE = {Lemma mining over {HOL} light},
 BOOKTITLE = {Logic for programming, artificial intelligence, and reasoning},
    SERIES = {Lecture Notes in Comput. Sci.},
    VOLUME = {8312},
     PAGES = {503--517},
 PUBLISHER = {Springer, Heidelberg},
      YEAR = {2013},
   MRCLASS = {68T15},
  MRNUMBER = {3163664},
       DOI = {10.1007/978-3-642-45221-5_34},
       URL = {https://doi-org.colorado.idm.oclc.org/10.1007/978-3-642-45221-5_34},
}
		
@incollection {MR3111289,
    AUTHOR = {Tankink, Carst and Kaliszyk, Cezary and Urban, Josef and
              Geuvers, Herman},
     TITLE = {Communicating formal proofs: the case of flyspeck},
 BOOKTITLE = {Interactive theorem proving},
    SERIES = {Lecture Notes in Comput. Sci.},
    VOLUME = {7998},
     PAGES = {451--456},
 PUBLISHER = {Springer, Heidelberg},
      YEAR = {2013},
   MRCLASS = {Expansion},
  MRNUMBER = {3111289},
       DOI = {10.1007/978-3-642-39634-2_32},
       URL = {https://doi-org.colorado.idm.oclc.org/10.1007/978-3-642-39634-2_32},
}
		
@incollection {MR3111264,
    AUTHOR = {Kaliszyk, Cezary and Krauss, Alexander},
     TITLE = {Scalable {LCF}-style proof translation},
 BOOKTITLE = {Interactive theorem proving},
    SERIES = {Lecture Notes in Comput. Sci.},
    VOLUME = {7998},
     PAGES = {51--66},
 PUBLISHER = {Springer, Heidelberg},
      YEAR = {2013},
   MRCLASS = {Expansion},
  MRNUMBER = {3111264},
       DOI = {10.1007/978-3-642-39634-2_7},
       URL = {https://doi-org.colorado.idm.oclc.org/10.1007/978-3-642-39634-2_7},
}
		
@incollection {MR3111263,
    AUTHOR = {K\"{u}hlwein, Daniel and Blanchette, Jasmin Christian and
              Kaliszyk, Cezary and Urban, Josef},
     TITLE = {Ma{S}h: machine learning for {S}ledgehammer},
 BOOKTITLE = {Interactive theorem proving},
    SERIES = {Lecture Notes in Comput. Sci.},
    VOLUME = {7998},
     PAGES = {35--50},
 PUBLISHER = {Springer, Heidelberg},
      YEAR = {2013},
   MRCLASS = {Expansion},
  MRNUMBER = {3111263},
       DOI = {10.1007/978-3-642-39634-2_6},
       URL = {https://doi-org.colorado.idm.oclc.org/10.1007/978-3-642-39634-2_6},
}
		
@incollection {MR3111253,
    AUTHOR = {Ghourabi, Fadoua and Kasem, Asem and Kaliszyk, Cezary},
     TITLE = {Algebraic analysis of {H}uzita's origami operations and their
              extensions},
 BOOKTITLE = {Automated deduction in geometry},
    SERIES = {Lecture Notes in Comput. Sci.},
    VOLUME = {7993},
     PAGES = {143--160},
 PUBLISHER = {Springer, Heidelberg},
      YEAR = {2013},
   MRCLASS = {52C25 (68U05)},
  MRNUMBER = {3111253},
       DOI = {10.1007/978-3-642-40672-0_10},
       URL = {https://doi-org.colorado.idm.oclc.org/10.1007/978-3-642-40672-0_10},
}
		
@incollection {MR3095576,
    AUTHOR = {Kaliszyk, Cezary and Urban, Josef},
     TITLE = {P{R}oc{H}: proof reconstruction of {HOL} {L}ight},
 BOOKTITLE = {Automated deduction---{CADE}-24},
    SERIES = {Lecture Notes in Comput. Sci.},
    VOLUME = {7898},
     PAGES = {267--274},
 PUBLISHER = {Springer, Heidelberg},
      YEAR = {2013},
   MRCLASS = {Expansion},
  MRNUMBER = {3095576},
       DOI = {10.1007/978-3-642-38574-2_18},
       URL = {https://doi-org.colorado.idm.oclc.org/10.1007/978-3-642-38574-2_18},
}
		
@article {MR3164828,
    AUTHOR = {Urban, Christian and Kaliszyk, Cezary},
     TITLE = {General bindings and alpha-equivalence in nominal {I}sabelle
              [reprint of MR2944975]},
   JOURNAL = {Log. Methods Comput. Sci.},
  FJOURNAL = {Logical Methods in Computer Science},
      YEAR = {2012/13},
    NUMBER = {Special issue: Selected papers of the ``20th European
              Symposium on Programming'' ESOP 2011},
     PAGES = {35},
      ISSN = {1860-5974},
   MRCLASS = {68T15},
  MRNUMBER = {3164828},
}
		
@article {MR2944975,
    AUTHOR = {Urban, Christian and Kaliszyk, Cezary},
     TITLE = {General bindings and alpha-equivalence in nominal {I}sabelle},
   JOURNAL = {Log. Methods Comput. Sci.},
  FJOURNAL = {Logical Methods in Computer Science},
    VOLUME = {8},
      YEAR = {2012},
    NUMBER = {2},
     PAGES = {2:14, 35},
      ISSN = {1860-5974},
   MRCLASS = {68T15},
  MRNUMBER = {2944975},
       DOI = {10.2168/LMCS-8(2:14)2012},
       URL = {https://doi-org.colorado.idm.oclc.org/10.2168/LMCS-8(2:14)2012},
}
		
@incollection {MR2544200,
    AUTHOR = {Kaliszyk, Cezary and Wiedijk, Freek},
     TITLE = {Merging procedural and declarative proof},
 BOOKTITLE = {Types for proofs and programs},
    SERIES = {Lecture Notes in Comput. Sci.},
    VOLUME = {5497},
     PAGES = {203--219},
 PUBLISHER = {Springer, Berlin},
      YEAR = {2009},
   MRCLASS = {03F07 (03B35 68Q42)},
  MRNUMBER = {2544200},
       DOI = {10.1007/978-3-642-02444-3_13},
       URL = {https://doi-org.colorado.idm.oclc.org/10.1007/978-3-642-02444-3_13},
}
		
@article {MR2535101,
    AUTHOR = {Kaliszyk, Cezary and O'Connor, Russell},
     TITLE = {Computing with classical real numbers},
   JOURNAL = {J. Formaliz. Reason.},
  FJOURNAL = {Journal of Formalized Reasoning},
    VOLUME = {2},
      YEAR = {2009},
    NUMBER = {1},
     PAGES = {27--39},
      ISSN = {1972-5787},
   MRCLASS = {03B35 (68T15)},
  MRNUMBER = {2535101},
}