@article {MR3295025,
    AUTHOR = {Boldo, Sylvie and Jourdan, Jacques-Henri and Leroy, Xavier and
              Melquiond, Guillaume},
     TITLE = {Verified compilation of floating-point computations},
   JOURNAL = {J. Automat. Reason.},
  FJOURNAL = {Journal of Automated Reasoning},
    VOLUME = {54},
      YEAR = {2015},
    NUMBER = {2},
     PAGES = {135--163},
      ISSN = {0168-7433},
   MRCLASS = {68N30 (65G50 68N20 68Q60)},
  MRNUMBER = {3295025},
       DOI = {10.1007/s10817-014-9317-x},
       URL = {https://doi-org.colorado.idm.oclc.org/10.1007/s10817-014-9317-x},
}
@article {MR2966375,
    AUTHOR = {Appel, Andrew W. and Dockins, Robert and Leroy, Xavier},
     TITLE = {A list-machine benchmark for mechanized metatheory},
   JOURNAL = {J. Automat. Reason.},
  FJOURNAL = {Journal of Automated Reasoning},
    VOLUME = {49},
      YEAR = {2012},
    NUMBER = {3},
     PAGES = {453--491},
      ISSN = {0168-7433},
   MRCLASS = {68Q60 (68N20 68T15)},
  MRNUMBER = {2966375},
       DOI = {10.1007/s10817-011-9226-1},
       URL = {https://doi-org.colorado.idm.oclc.org/10.1007/s10817-011-9226-1},
}
@article {MR2835145,
    AUTHOR = {Tolmach, Andrew and Leroy, Xavier},
     TITLE = {Special issue dedicated to {ICFP} 2009: editorial},
      NOTE = {Held in Edinburgh, August 31--September 2, 2009},
   JOURNAL = {J. Funct. Programming},
  FJOURNAL = {Journal of Functional Programming},
    VOLUME = {21},
      YEAR = {2011},
    NUMBER = {4-5},
     PAGES = {331--332},
      ISSN = {0956-7968},
   MRCLASS = {68-06 (68N18)},
  MRNUMBER = {2835145},
       DOI = {10.1017/S0956796811000190},
       URL = {https://doi-org.colorado.idm.oclc.org/10.1017/S0956796811000190},
}
@article {MR2559087,
    AUTHOR = {Leroy, Xavier},
     TITLE = {A formally verified compiler back-end},
   JOURNAL = {J. Automat. Reason.},
  FJOURNAL = {Journal of Automated Reasoning},
    VOLUME = {43},
      YEAR = {2009},
    NUMBER = {4},
     PAGES = {363--446},
      ISSN = {0168-7433},
   MRCLASS = {68T15 (68N20)},
  MRNUMBER = {2559087},
       DOI = {10.1007/s10817-009-9155-4},
       URL = {https://doi-org.colorado.idm.oclc.org/10.1007/s10817-009-9155-4},
}
@article {MR2544286,
    AUTHOR = {Blazy, Sandrine and Leroy, Xavier},
     TITLE = {Mechanized semantics for the {C}light subset of the {C}
              language},
   JOURNAL = {J. Automat. Reason.},
  FJOURNAL = {Journal of Automated Reasoning},
    VOLUME = {43},
      YEAR = {2009},
    NUMBER = {3},
     PAGES = {263--288},
      ISSN = {0168-7433},
   MRCLASS = {68T15},
  MRNUMBER = {2544286},
       DOI = {10.1007/s10817-009-9148-3},
       URL = {https://doi-org.colorado.idm.oclc.org/10.1007/s10817-009-9148-3},
}
@article {MR2498711,
    AUTHOR = {Leroy, Xavier and Grall, Herv\'{e}},
     TITLE = {Coinductive big-step operational semantics},
   JOURNAL = {Inform. and Comput.},
  FJOURNAL = {Information and Computation},
    VOLUME = {207},
      YEAR = {2009},
    NUMBER = {2},
     PAGES = {284--304},
      ISSN = {0890-5401},
   MRCLASS = {68Q55},
  MRNUMBER = {2498711},
MRREVIEWER = {R\u{a}zvan Diaconescu},
       DOI = {10.1016/j.ic.2007.12.004},
       URL = {https://doi-org.colorado.idm.oclc.org/10.1016/j.ic.2007.12.004},
}
@article {MR2420798,
    AUTHOR = {Leroy, Xavier and Blazy, Sandrine},
     TITLE = {Formal verification of a {C}-like memory model and its uses
              for verifying program transformations},
   JOURNAL = {J. Automat. Reason.},
  FJOURNAL = {Journal of Automated Reasoning},
    VOLUME = {41},
      YEAR = {2008},
    NUMBER = {1},
     PAGES = {1--31},
      ISSN = {0168-7433},
   MRCLASS = {68N30 (68N20)},
  MRNUMBER = {2420798},
MRREVIEWER = {Jurriaan Hage},
       DOI = {10.1007/s10817-008-9099-0},
       URL = {https://doi-org.colorado.idm.oclc.org/10.1007/s10817-008-9099-0},
}
@article {MR2418282,
    AUTHOR = {Rideau, Laurence and Serpette, Bernard Paul and Leroy, Xavier},
     TITLE = {Tilting at windmills with {C}oq: formal verification of a
              compilation algorithm for parallel moves},
   JOURNAL = {J. Automat. Reason.},
  FJOURNAL = {Journal of Automated Reasoning},
    VOLUME = {40},
      YEAR = {2008},
    NUMBER = {4},
     PAGES = {307--326},
      ISSN = {0168-7433},
   MRCLASS = {68T15 (68N20)},
  MRNUMBER = {2418282},
       DOI = {10.1007/s10817-007-9096-8},
       URL = {https://doi-org.colorado.idm.oclc.org/10.1007/s10817-007-9096-8},
}
@incollection {MR2258051,
    AUTHOR = {Bertot, Yves and Gr\'{e}goire, Benjamin and Leroy, Xavier},
     TITLE = {A structured approach to proving compiler optimizations based
              on dataflow analysis},
 BOOKTITLE = {Types for proofs and programs},
    SERIES = {Lecture Notes in Comput. Sci.},
    VOLUME = {3839},
     PAGES = {66--81},
 PUBLISHER = {Springer, Berlin},
      YEAR = {2006},
   MRCLASS = {68N20},
  MRNUMBER = {2258051},
       DOI = {10.1007/11617990_5},
       URL = {https://doi-org.colorado.idm.oclc.org/10.1007/11617990_5},
}
@article {MR2017615,
    AUTHOR = {Leroy, Xavier},
     TITLE = {Java bytecode verification: algorithms and formalizations},
      NOTE = {Java bytecode verification},
   JOURNAL = {J. Automat. Reason.},
  FJOURNAL = {Journal of Automated Reasoning},
    VOLUME = {30},
      YEAR = {2003},
    NUMBER = {3-4},
     PAGES = {235--269},
      ISSN = {0168-7433},
   MRCLASS = {68Q60},
  MRNUMBER = {2017615},
       DOI = {10.1023/A:1025055424017},
       URL = {https://doi-org.colorado.idm.oclc.org/10.1023/A:1025055424017},
}
@article {MR1437981,
    AUTHOR = {Leroy, Xavier},
     TITLE = {A syntactic theory of type generativity and sharing},
   JOURNAL = {J. Funct. Programming},
  FJOURNAL = {Journal of Functional Programming},
    VOLUME = {6},
      YEAR = {1996},
    NUMBER = {5},
     PAGES = {667--698},
      ISSN = {0956-7968},
   MRCLASS = {68N15},
  MRNUMBER = {1437981},
       DOI = {10.1017/S0956796800001933},
       URL = {https://doi-org.colorado.idm.oclc.org/10.1017/S0956796800001933},
}
@book {MR1344450,
    AUTHOR = {Leroy, Xavier},
     TITLE = {Typage polymorphe d'un langage algorithmique},
      NOTE = {Th\`ese, Universit\'{e} de Paris VII, Paris, 1992},
 PUBLISHER = {Institut National de Recherche en Informatique et en
              Automatique (INRIA), Rocquencourt},
      YEAR = {1992},
     PAGES = {ii+194},
      ISBN = {2-7261-0743-5},
   MRCLASS = {68Q55 (03B70 68Q65)},
  MRNUMBER = {1344450},
}
