@incollection {MR3863452,
    AUTHOR = {Jacobs, Bart and Levy, Paul and Rot, Jurriaan},
     TITLE = {Steps and traces},
 BOOKTITLE = {Coalgebraic methods in computer science},
    SERIES = {Lecture Notes in Comput. Sci.},
    VOLUME = {11202},
     PAGES = {122--143},
 PUBLISHER = {Springer, Cham},
      YEAR = {2018},
   MRCLASS = {68Q55 (03G27)},
  MRNUMBER = {3863452},
}
		
@article {MR3840714,
    AUTHOR = {Levy, Paul Blain},
     TITLE = {A ghost at {$\omega_1$}},
   JOURNAL = {Log. Methods Comput. Sci.},
  FJOURNAL = {Logical Methods in Computer Science},
    VOLUME = {14},
      YEAR = {2018},
    NUMBER = {3},
     PAGES = {Paper No. 4, 27},
      ISSN = {1860-5974},
   MRCLASS = {18A22 (03E75 03G30)},
  MRNUMBER = {3840714},
}
		
@incollection {MR3788066,
    AUTHOR = {Devesas Campos, Marco and Levy, Paul Blain},
     TITLE = {A syntactic view of computational adequacy},
 BOOKTITLE = {Foundations of software science and computation structures},
    SERIES = {Lecture Notes in Comput. Sci.},
    VOLUME = {10803},
     PAGES = {71--87},
 PUBLISHER = {Springer, Cham},
      YEAR = {2018},
   MRCLASS = {68Q55},
  MRNUMBER = {3788066},
}
		
@incollection {MR3776943,
    AUTHOR = {Dal Lago, Ugo and Gavazzo, Francesco and Levy, Paul Blain},
     TITLE = {Effectful applicative bisimilarity: monads, relators, and
              {H}owe's method},
 BOOKTITLE = {2017 32nd {A}nnual {ACM}/{IEEE} {S}ymposium on {L}ogic in
              {C}omputer {S}cience ({LICS})},
     PAGES = {12},
 PUBLISHER = {IEEE, [Piscataway], NJ},
      YEAR = {2017},
   MRCLASS = {68Q85 (03B40)},
  MRNUMBER = {3776943},
}
		
@incollection {MR3776935,
    AUTHOR = {Kammar, Ohad and Levy, Paul B. and Moss, Sean K. and Staton,
              Sam},
     TITLE = {A monad for full ground reference cells},
 BOOKTITLE = {2017 32nd {A}nnual {ACM}/{IEEE} {S}ymposium on {L}ogic in
              {C}omputer {S}cience ({LICS})},
     PAGES = {12},
 PUBLISHER = {IEEE, [Piscataway], NJ},
      YEAR = {2017},
   MRCLASS = {68Q65 (18C50)},
  MRNUMBER = {3776935},
}
		
@incollection {MR3591696,
    AUTHOR = {Geron, Bram and Levy, Paul Blain},
     TITLE = {Iteration and labelled iteration},
 BOOKTITLE = {The {T}hirty-second {C}onference on the {M}athematical
              {F}oundations of {P}rogramming {S}emantics ({MFPS} {XXXII})},
    SERIES = {Electron. Notes Theor. Comput. Sci.},
    VOLUME = {325},
     PAGES = {127--146},
 PUBLISHER = {Elsevier Sci. B. V., Amsterdam},
      YEAR = {2016},
   MRCLASS = {68N18},
  MRNUMBER = {3591696},
       DOI = {10.1016/j.entcs.2016.09.035},
       URL = {https://doi-org.colorado.idm.oclc.org/10.1016/j.entcs.2016.09.035},
}
		
@incollection {MR3453800,
    AUTHOR = {Levy, Paul Blain},
     TITLE = {Final coalgebras from corecursive algebras},
 BOOKTITLE = {6th {C}onference on {A}lgebra and {C}oalgebra in {C}omputer
              {S}cience},
    SERIES = {LIPIcs. Leibniz Int. Proc. Inform.},
    VOLUME = {35},
     PAGES = {221--237},
 PUBLISHER = {Schloss Dagstuhl. Leibniz-Zent. Inform., Wadern},
      YEAR = {2015},
   MRCLASS = {68Q85 (03B45 18A99)},
  MRNUMBER = {3453800},
}
		
@article {MR3367134,
    AUTHOR = {Ad\'{a}mek, Ji\v{r}\'{i} and Levy, Paul B. and Milius, Stefan and Moss,
              Lawrence S. and Sousa, Lurdes},
     TITLE = {On final coalgebras of power-set functors and saturated trees},
   JOURNAL = {Appl. Categ. Structures},
  FJOURNAL = {Applied Categorical Structures. A Journal Devoted to
              Applications of Categorical Methods in Algebra, Analysis,
              Order, Topology and Computer Science},
    VOLUME = {23},
      YEAR = {2015},
    NUMBER = {4},
     PAGES = {609--641},
      ISSN = {0927-2852},
   MRCLASS = {03G30 (03B45 03E10 03E70)},
  MRNUMBER = {3367134},
MRREVIEWER = {Nathanael Leedom Ackerman},
       DOI = {10.1007/s10485-014-9372-9},
       URL = {https://doi-org.colorado.idm.oclc.org/10.1007/s10485-014-9372-9},
}
		
@inproceedings {MR3397685,
    AUTHOR = {Levy, Paul Blain and Staton, Sam},
     TITLE = {Transition systems over games},
 BOOKTITLE = {Proceedings of the {J}oint {M}eeting of the {T}wenty-{T}hird
              {EACSL} {A}nnual {C}onference on {C}omputer {S}cience {L}ogic
              ({CSL}) and the {T}wenty-{N}inth {A}nnual {ACM}/{IEEE}
              {S}ymposium on {L}ogic in {C}omputer {S}cience ({LICS})},
     PAGES = {Article No. 64, 10},
 PUBLISHER = {ACM, New York},
      YEAR = {2014},
   MRCLASS = {68Q55 (68Q85 91A43)},
  MRNUMBER = {3397685},
MRREVIEWER = {M. I. Dekhtyar},
}
		
@article {MR3285791,
    AUTHOR = {Bowler, Nathan and Goncharov, Sergey and Levy, Paul Blain and
              Schr\"{o}der, Lutz},
     TITLE = {Exploring the boundaries of monad tensorability on set
              [reprint of MR3109606]},
   JOURNAL = {Log. Methods Comput. Sci.},
  FJOURNAL = {Logical Methods in Computer Science},
      YEAR = {2013/14},
    NUMBER = {Selected papers of ``Algebraic and Coalgebraic Methods in
              Computer Science: CALCO 2011''},
     PAGES = {18},
      ISSN = {1860-5974},
   MRCLASS = {68Q55 (18C15)},
  MRNUMBER = {3285791},
}
		
@article {MR3109606,
    AUTHOR = {Bowler, Nathan and Goncharov, Sergey and Levy, Paul Blain and
              Schr\"{o}der, Lutz},
     TITLE = {Exploring the boundaries of monad tensorability on set},
   JOURNAL = {Log. Methods Comput. Sci.},
  FJOURNAL = {Logical Methods in Computer Science},
    VOLUME = {9},
      YEAR = {2013},
    NUMBER = {3},
     PAGES = {3:22, 18},
      ISSN = {1860-5974},
   MRCLASS = {68Q55 (18C15)},
  MRNUMBER = {3109606},
MRREVIEWER = {Alexander V. Zhozhikashvili},
       DOI = {10.2168/LMCS-9(3:22)2013},
       URL = {https://doi-org.colorado.idm.oclc.org/10.2168/LMCS-9(3:22)2013},
}
		
@inproceedings {MR3050425,
    AUTHOR = {Ad\'{a}mek, Ji\v{r}\'{i} and Milius, Stefan and Bowler, Nathan and Levy,
              Paul B.},
     TITLE = {Coproducts of monads on {$\ssf{Set}$}},
 BOOKTITLE = {Proceedings of the 2012 27th {A}nnual {ACM}/{IEEE} {S}ymposium
              on {L}ogic in {C}omputer {S}cience},
     PAGES = {45--54},
 PUBLISHER = {IEEE Computer Soc., Los Alamitos, CA},
      YEAR = {2012},
   MRCLASS = {18C15 (18B05 68Q55 68Q65)},
  MRNUMBER = {3050425},
       DOI = {10.1109/LICS.2012.16},
       URL = {https://doi-org.colorado.idm.oclc.org/10.1109/LICS.2012.16},
}
		
@article {MR2900240,
    AUTHOR = {Aceto, Luca and Ingolfsdottir, Anna and Levy, Paul Blain and
              Sack, Joshua},
     TITLE = {Characteristic formulae for fixed-point semantics: a general
              framework},
   JOURNAL = {Math. Structures Comput. Sci.},
  FJOURNAL = {Mathematical Structures in Computer Science. A Journal in the
              Applications of Categorical, Algebraic and Geometric Methods
              in Computer Science},
    VOLUME = {22},
      YEAR = {2012},
    NUMBER = {2},
     PAGES = {125--173},
      ISSN = {0960-1295},
   MRCLASS = {68Q85 (03B45 68Q60)},
  MRNUMBER = {2900240},
       DOI = {10.1017/S0960129511000375},
       URL = {https://doi-org.colorado.idm.oclc.org/10.1017/S0960129511000375},
}
		
@incollection {MR2917357,
    AUTHOR = {Koutavas, Vasileios and Levy, Paul Blain and Sumii, Eijiro},
     TITLE = {From applicative to environmental bisimulation},
 BOOKTITLE = {Twenty-{S}eventh {C}onference on the {M}athematical
              {F}oundations of {P}rogramming {S}emantics ({MFPS} {XXVII})},
    SERIES = {Electron. Notes Theor. Comput. Sci.},
    VOLUME = {276},
     PAGES = {215--235},
 PUBLISHER = {Elsevier Sci. B. V., Amsterdam},
      YEAR = {2011},
   MRCLASS = {Expansion},
  MRNUMBER = {2917357},
       DOI = {10.1016/j.entcs.2011.09.023},
       URL = {https://doi-org.colorado.idm.oclc.org/10.1016/j.entcs.2011.09.023},
}
		
@incollection {MR2813600,
    AUTHOR = {Levy, Paul Blain},
     TITLE = {Similarity quotients as final coalgebras},
 BOOKTITLE = {Foundations of software science and computational structures},
    SERIES = {Lecture Notes in Comput. Sci.},
    VOLUME = {6604},
     PAGES = {27--41},
 PUBLISHER = {Springer, Heidelberg},
      YEAR = {2011},
   MRCLASS = {68Q65},
  MRNUMBER = {2813600},
       DOI = {10.1007/978-3-642-19805-2_3},
       URL = {https://doi-org.colorado.idm.oclc.org/10.1007/978-3-642-19805-2_3},
}
		
@incollection {MR2678110,
    AUTHOR = {Altenkirch, Thorsten and Levy, Paul and Staton, Sam},
     TITLE = {Higher-order containers},
 BOOKTITLE = {Programs, proofs, processes},
    SERIES = {Lecture Notes in Comput. Sci.},
    VOLUME = {6158},
     PAGES = {11--20},
 PUBLISHER = {Springer, Berlin},
      YEAR = {2010},
   MRCLASS = {68Q65},
  MRNUMBER = {2678110},
       DOI = {10.1007/978-3-642-13962-8_2},
       URL = {https://doi-org.colorado.idm.oclc.org/10.1007/978-3-642-13962-8_2},
}
		
@article {MR2388261,
    AUTHOR = {Levy, Paul Blain},
     TITLE = {Infinite trace equivalence},
   JOURNAL = {Ann. Pure Appl. Logic},
  FJOURNAL = {Annals of Pure and Applied Logic},
    VOLUME = {151},
      YEAR = {2008},
    NUMBER = {2-3},
     PAGES = {170--198},
      ISSN = {0168-0072},
   MRCLASS = {68Q55 (18C50 68N18)},
  MRNUMBER = {2388261},
MRREVIEWER = {Vladimir Komendantsky},
       DOI = {10.1016/j.apal.2007.10.007},
       URL = {https://doi-org.colorado.idm.oclc.org/10.1016/j.apal.2007.10.007},
}
		
@incollection {MR2540208,
    AUTHOR = {Lassen, Soren B. and Levy, Paul Blain},
     TITLE = {Typed normal form bisimulation},
 BOOKTITLE = {Computer science logic},
    SERIES = {Lecture Notes in Comput. Sci.},
    VOLUME = {4646},
     PAGES = {283--297},
 PUBLISHER = {Springer, Berlin},
      YEAR = {2007},
   MRCLASS = {68N18 (03B40)},
  MRNUMBER = {2540208},
       DOI = {10.1007/978-3-540-74915-8_23},
       URL = {https://doi-org.colorado.idm.oclc.org/10.1007/978-3-540-74915-8_23},
}
		
@article {MR2317318,
    AUTHOR = {Hyland, Martin and Levy, Paul Blain and Plotkin, Gordon and
              Power, John},
     TITLE = {Combining algebraic effects with continuations},
   JOURNAL = {Theoret. Comput. Sci.},
  FJOURNAL = {Theoretical Computer Science},
    VOLUME = {375},
      YEAR = {2007},
    NUMBER = {1-3},
     PAGES = {20--40},
      ISSN = {0304-3975},
   MRCLASS = {68N15 (68Q55)},
  MRNUMBER = {2317318},
       DOI = {10.1016/j.tcs.2006.12.026},
       URL = {https://doi-org.colorado.idm.oclc.org/10.1016/j.tcs.2006.12.026},
}
		
@incollection {MR2307256,
    AUTHOR = {Levy, Paul Blain},
     TITLE = {Jumbo {$\lambda$}-calculus},
 BOOKTITLE = {Automata, languages and programming. {P}art {II}},
    SERIES = {Lecture Notes in Comput. Sci.},
    VOLUME = {4052},
     PAGES = {444--455},
 PUBLISHER = {Springer, Berlin},
      YEAR = {2006},
   MRCLASS = {03B40 (68N18)},
  MRNUMBER = {2307256},
       DOI = {10.1007/11787006_38},
       URL = {https://doi-org.colorado.idm.oclc.org/10.1007/11787006_38},
}
		
@inproceedings {MR2270200,
    AUTHOR = {Levy, Paul Blain},
     TITLE = {Infinitary {H}owe's method},
 BOOKTITLE = {Proceedings of the {E}ighth {W}orkshop on {C}oalgebraic
              {M}ethods in {C}omputer {S}cience ({CMCS} 2006)},
    SERIES = {Electron. Notes Theor. Comput. Sci.},
    VOLUME = {164},
     PAGES = {85--104},
 PUBLISHER = {Elsevier Sci. B. V., Amsterdam},
      YEAR = {2006},
   MRCLASS = {68N18 (68N15)},
  MRNUMBER = {2270200},
}
		
@article {MR2156191,
    AUTHOR = {Levy, Paul Blain},
     TITLE = {Adjunction models for call-by-push-value with stacks},
   JOURNAL = {Theory Appl. Categ.},
  FJOURNAL = {Theory and Applications of Categories},
    VOLUME = {14},
      YEAR = {2005},
     PAGES = {No. 5, 75--110},
      ISSN = {1201-561X},
   MRCLASS = {18C50 (68N15 68Q55)},
  MRNUMBER = {2156191},
MRREVIEWER = {Vladimir Komendantsky},
}
		
@book {MR2043715,
    AUTHOR = {Levy, Paul Blain},
     TITLE = {Call-by-push-value},
    SERIES = {Semantic Structures in Computation},
    VOLUME = {2},
      NOTE = {A functional/imperative synthesis},
 PUBLISHER = {Kluwer Academic Publishers, Dordrecht},
      YEAR = {2003},
     PAGES = {xlii+352},
      ISBN = {1-4020-1730-8},
   MRCLASS = {68Q55 (68-02 68N15 68N18)},
  MRNUMBER = {2043715},
MRREVIEWER = {Carsten F\"{u}hrmann},
       DOI = {10.1007/978-94-007-0954-6},
       URL = {https://doi-org.colorado.idm.oclc.org/10.1007/978-94-007-0954-6},
}
		
@article {MR1996427,
    AUTHOR = {Levy, Paul Blain and Power, John and Thielecke, Hayo},
     TITLE = {Modelling environments in call-by-value programming languages},
   JOURNAL = {Inform. and Comput.},
  FJOURNAL = {Information and Computation},
    VOLUME = {185},
      YEAR = {2003},
    NUMBER = {2},
     PAGES = {182--210},
      ISSN = {0890-5401},
   MRCLASS = {68Q55 (03B40 18C50 68N15 68N18)},
  MRNUMBER = {1996427},
MRREVIEWER = {Anna Labella},
       DOI = {10.1016/S0890-5401(03)00088-9},
       URL = {https://doi-org.colorado.idm.oclc.org/10.1016/S0890-5401(03)00088-9},
}
		
@incollection {MR2048052,
    AUTHOR = {Levy, Paul Blain},
     TITLE = {Possible world semantics for general storage in call-by-value},
 BOOKTITLE = {Computer science logic},
    SERIES = {Lecture Notes in Comput. Sci.},
    VOLUME = {2471},
     PAGES = {232--246},
 PUBLISHER = {Springer, Berlin},
      YEAR = {2002},
   MRCLASS = {68N15 (68Q55)},
  MRNUMBER = {2048052},
       DOI = {10.1007/3-540-45793-3_16},
       URL = {https://doi-org.colorado.idm.oclc.org/10.1007/3-540-45793-3_16},
}
		
@incollection {MR1723968,
    AUTHOR = {Levy, Paul Blain},
     TITLE = {Call-by-push-value: a subsuming paradigm (extended abstract)},
 BOOKTITLE = {Typed lambda calculi and applications ({L}'{A}quila, 1999)},
    SERIES = {Lecture Notes in Comput. Sci.},
    VOLUME = {1581},
     PAGES = {228--242},
 PUBLISHER = {Springer, Berlin},
      YEAR = {1999},
   MRCLASS = {68N18 (03B70)},
  MRNUMBER = {1723968},
       DOI = {10.1007/3-540-48959-2_17},
       URL = {https://doi-org.colorado.idm.oclc.org/10.1007/3-540-48959-2_17},
}