@article {MR3788202,
    AUTHOR = {Lipparini, Paolo},
     TITLE = {The {J}\'onsson distributivity spectrum},
   JOURNAL = {Algebra Universalis},
  FJOURNAL = {Algebra Universalis},
    VOLUME = {79},
      YEAR = {2018},
    NUMBER = {2},
     PAGES = {Art. 23, 16},
      ISSN = {0002-5240},
   MRCLASS = {08B10},
  MRNUMBER = {3788202},
MRREVIEWER = {R. Sh. Grigolia},
       DOI = {10.1007/s00012-018-0491-2},
       URL = {https://doi-org.colorado.idm.oclc.org/10.1007/s00012-018-0491-2},
}
		
@article {MR3513302,
    AUTHOR = {Lipparini, Paolo},
     TITLE = {Ultrafilter convergence in ordered topological spaces},
   JOURNAL = {Order},
  FJOURNAL = {Order. A Journal on the Theory of Ordered Sets and its
              Applications},
    VOLUME = {33},
      YEAR = {2016},
    NUMBER = {2},
     PAGES = {269--287},
      ISSN = {0167-8094},
   MRCLASS = {54F05 (03E75 54A35 54D30)},
  MRNUMBER = {3513302},
MRREVIEWER = {Aleksandar Pavlovi\'c},
       DOI = {10.1007/s11083-015-9365-9},
       URL = {https://doi-org.colorado.idm.oclc.org/10.1007/s11083-015-9365-9},
}
		
@article {MR3509708,
    AUTHOR = {Lipparini, Paolo},
     TITLE = {An infinite natural sum},
   JOURNAL = {MLQ Math. Log. Q.},
  FJOURNAL = {MLQ. Mathematical Logic Quarterly},
    VOLUME = {62},
      YEAR = {2016},
    NUMBER = {3},
     PAGES = {249--257},
      ISSN = {0942-5616},
   MRCLASS = {03E10},
  MRNUMBER = {3509708},
MRREVIEWER = {Arnold W. Miller},
       DOI = {10.1002/malq.201500017},
       URL = {https://doi-org.colorado.idm.oclc.org/10.1002/malq.201500017},
}
		
@article {MR3502785,
    AUTHOR = {Lipparini, Paolo},
     TITLE = {For {H}ausdorff spaces, {$H$}-closed {$=D$}-pseudocompact for
              every ultrafilter {$D$}},
   JOURNAL = {Houston J. Math.},
  FJOURNAL = {Houston Journal of Mathematics},
    VOLUME = {42},
      YEAR = {2016},
    NUMBER = {1},
     PAGES = {373--380},
      ISSN = {0362-1588},
   MRCLASS = {54D20 (54A20 54B10)},
  MRNUMBER = {3502785},
MRREVIEWER = {Ritu Sen},
}
		
@article {MR3490721,
    AUTHOR = {Lipparini, Paolo},
     TITLE = {The equivalence of two definitions of sequential
              pseudocompactness},
   JOURNAL = {Appl. Gen. Topol.},
  FJOURNAL = {Applied General Topology},
    VOLUME = {17},
      YEAR = {2016},
    NUMBER = {1},
     PAGES = {1--5},
      ISSN = {1576-9402},
   MRCLASS = {54D20},
  MRNUMBER = {3490721},
MRREVIEWER = {Zuhier Khaled Altawallbeh},
       DOI = {10.4995/agt.2016.4616},
       URL = {https://doi-org.colorado.idm.oclc.org/10.4995/agt.2016.4616},
}
		
@article {MR3257034,
    AUTHOR = {Lipparini, Paolo},
     TITLE = {Compactness of {$\omega^\lambda$} for {$\lambda$} singular},
   JOURNAL = {J. Log. Anal.},
  FJOURNAL = {Journal of Logic and Analysis},
    VOLUME = {6},
      YEAR = {2014},
     PAGES = {Paper 2, 15},
      ISSN = {1759-9008},
   MRCLASS = {54B10 (03C20 03C75 03E05 54D20)},
  MRNUMBER = {3257034},
MRREVIEWER = {Ivan S. Gotchev},
}
		
@article {MR3188459,
    AUTHOR = {Lipparini, Paolo},
     TITLE = {Topological spaces compact with respect to a set of filters},
   JOURNAL = {Cent. Eur. J. Math.},
  FJOURNAL = {Central European Journal of Mathematics},
    VOLUME = {12},
      YEAR = {2014},
    NUMBER = {7},
     PAGES = {991--999},
      ISSN = {1895-1074},
   MRCLASS = {54A20 (03E05 54D30)},
  MRNUMBER = {3188459},
MRREVIEWER = {N. Hindman},
       DOI = {10.2478/s11533-013-0398-2},
       URL = {https://doi-org.colorado.idm.oclc.org/10.2478/s11533-013-0398-2},
}
		
@article {MR3187853,
    AUTHOR = {Lipparini, Paolo},
     TITLE = {Compactness of powers of {$\omega$}},
   JOURNAL = {Bull. Pol. Acad. Sci. Math.},
  FJOURNAL = {Bulletin of the Polish Academy of Sciences. Mathematics},
    VOLUME = {61},
      YEAR = {2013},
    NUMBER = {3-4},
     PAGES = {239--246},
      ISSN = {0239-7269},
   MRCLASS = {54B10 (03C75 03E05 54D20)},
  MRNUMBER = {3187853},
MRREVIEWER = {Ivan S. Gotchev},
       DOI = {10.4064/ba61-3-5},
       URL = {https://doi-org.colorado.idm.oclc.org/10.4064/ba61-3-5},
}
		
@article {MR3120664,
    AUTHOR = {Lipparini, Paolo},
     TITLE = {A characterization of the {M}enger property by means of
              ultrafilter convergence},
   JOURNAL = {Topology Appl.},
  FJOURNAL = {Topology and its Applications},
    VOLUME = {160},
      YEAR = {2013},
    NUMBER = {18},
     PAGES = {2505--2513},
      ISSN = {0166-8641},
   MRCLASS = {54D20 (54A20)},
  MRNUMBER = {3120664},
MRREVIEWER = {D\'aniel Tam\'as Soukup},
       DOI = {10.1016/j.topol.2013.07.044},
       URL = {https://doi-org.colorado.idm.oclc.org/10.1016/j.topol.2013.07.044},
}
		
@article {MR3100424,
    AUTHOR = {Lipparini, Paolo},
     TITLE = {Representable tolerances in varieties},
   JOURNAL = {Acta Sci. Math. (Szeged)},
  FJOURNAL = {Acta Universitatis Szegediensis. Acta Scientiarum
              Mathematicarum},
    VOLUME = {79},
      YEAR = {2013},
    NUMBER = {1-2},
     PAGES = {3--16},
      ISSN = {0001-6969},
   MRCLASS = {08A30 (06B10)},
  MRNUMBER = {3100424},
MRREVIEWER = {E. W. Kiss},
}
		
@article {MR3037010,
    AUTHOR = {Chajda, Ivan and Cz\'edli, G\'abor and Hala\v s, Radom\'\i r and
              Lipparini, Paolo},
     TITLE = {Tolerances as images of congruences in varieties defined by
              linear identities},
   JOURNAL = {Algebra Universalis},
  FJOURNAL = {Algebra Universalis},
    VOLUME = {69},
      YEAR = {2013},
    NUMBER = {2},
     PAGES = {167--169},
      ISSN = {0002-5240},
   MRCLASS = {08A30},
  MRNUMBER = {3037010},
MRREVIEWER = {M. Teresa Oliveira-Martins},
       DOI = {10.1007/s00012-013-0219-2},
       URL = {https://doi-org.colorado.idm.oclc.org/10.1007/s00012-013-0219-2},
}
		
@article {MR3017260,
    AUTHOR = {Lipparini, Paolo},
     TITLE = {A very general covering property},
   JOURNAL = {Comment. Math. Univ. Carolin.},
  FJOURNAL = {Commentationes Mathematicae Universitatis Carolinae},
    VOLUME = {53},
      YEAR = {2012},
    NUMBER = {2},
     PAGES = {281--306},
      ISSN = {0010-2628},
   MRCLASS = {54D20},
  MRNUMBER = {3017260},
MRREVIEWER = {D\'aniel Tam\'as Soukup},
}
		
@article {MR2793281,
    AUTHOR = {Lipparini, Paolo},
     TITLE = {Some compactness properties related to pseudocompactness and
              ultrafilter convergence},
   JOURNAL = {Topology Proc.},
  FJOURNAL = {Topology Proceedings},
    VOLUME = {40},
      YEAR = {2012},
     PAGES = {29--51},
      ISSN = {0146-4124},
   MRCLASS = {54D20 (54A20 54B10)},
  MRNUMBER = {2793281},
MRREVIEWER = {Ivan S. Gotchev},
}
		
@article {MR2853091,
    AUTHOR = {Lipparini, Paolo},
     TITLE = {Every weakly initially {$\germ m$}-compact topological space
              is {$\germ m$}{PCAP}},
   JOURNAL = {Czechoslovak Math. J.},
  FJOURNAL = {Czechoslovak Mathematical Journal},
    VOLUME = {61(136)},
      YEAR = {2011},
    NUMBER = {3},
     PAGES = {781--784},
      ISSN = {0011-4642},
   MRCLASS = {54D20 (03E75)},
  MRNUMBER = {2853091},
       DOI = {10.1007/s10587-011-0026-x},
       URL = {https://doi-org.colorado.idm.oclc.org/10.1007/s10587-011-0026-x},
}
		
@article {MR2812474,
    AUTHOR = {Lipparini, Paolo},
     TITLE = {More generalizations of pseudocompactness},
   JOURNAL = {Topology Appl.},
  FJOURNAL = {Topology and its Applications},
    VOLUME = {158},
      YEAR = {2011},
    NUMBER = {13},
     PAGES = {1655--1666},
      ISSN = {0166-8641},
   MRCLASS = {54D20 (54A20 54B10 54G20)},
  MRNUMBER = {2812474},
MRREVIEWER = {R. M. Stephenson, Jr.},
       DOI = {10.1016/j.topol.2011.05.039},
       URL = {https://doi-org.colorado.idm.oclc.org/10.1016/j.topol.2011.05.039},
}
		
@article {MR2681340,
    AUTHOR = {Lipparini, Paolo},
     TITLE = {More on regular and decomposable ultrafilters in {ZFC}},
   JOURNAL = {MLQ Math. Log. Q.},
  FJOURNAL = {MLQ. Mathematical Logic Quarterly},
    VOLUME = {56},
      YEAR = {2010},
    NUMBER = {4},
     PAGES = {340--374},
      ISSN = {0942-5616},
   MRCLASS = {03E20 (03C95 03E04 03E35 03E55 03E65 54A35)},
  MRNUMBER = {2681340},
MRREVIEWER = {Andr\'es Eduardo Caicedo},
       DOI = {10.1002/malq.200910013},
       URL = {https://doi-org.colorado.idm.oclc.org/10.1002/malq.200910013},
}
		
@article {MR2428557,
    AUTHOR = {Lipparini, Paolo},
     TITLE = {Decomposable ultrafilters and possible cofinalities},
   JOURNAL = {Notre Dame J. Form. Log.},
  FJOURNAL = {Notre Dame Journal of Formal Logic},
    VOLUME = {49},
      YEAR = {2008},
    NUMBER = {3},
     PAGES = {307--312},
      ISSN = {0029-4527},
   MRCLASS = {03E04 (54A20 54D20)},
  MRNUMBER = {2428557},
MRREVIEWER = {Klaas Pieter Hart},
       DOI = {10.1215/00294527-2008-014},
       URL = {https://doi-org.colorado.idm.oclc.org/10.1215/00294527-2008-014},
}
		
@article {MR2415280,
    AUTHOR = {Lipparini, Paolo},
     TITLE = {Terms which are {M}al\cprime cev modulo some functions},
   JOURNAL = {Algebra Universalis},
  FJOURNAL = {Algebra Universalis},
    VOLUME = {58},
      YEAR = {2008},
    NUMBER = {3},
     PAGES = {249--262},
      ISSN = {0002-5240},
   MRCLASS = {08A99 (08A30 08B05)},
  MRNUMBER = {2415280},
MRREVIEWER = {Marcel G. Jackson},
       DOI = {10.1007/s00012-008-2060-6},
       URL = {https://doi-org.colorado.idm.oclc.org/10.1007/s00012-008-2060-6},
}
		
@incollection {MR2401862,
    AUTHOR = {Lipparini, Paolo},
     TITLE = {Tolerance intersection properties and subalgebras of squares},
 BOOKTITLE = {Logic {C}olloquium 2004},
    SERIES = {Lect. Notes Log.},
    VOLUME = {29},
     PAGES = {109--122},
 PUBLISHER = {Assoc. Symbol. Logic, Chicago, IL},
      YEAR = {2008},
   MRCLASS = {08A30 (08B10)},
  MRNUMBER = {2401862},
MRREVIEWER = {Jarom\'\i r Duda},
}
		
@article {MR2367087,
    AUTHOR = {Lipparini, Paolo},
     TITLE = {Every {$m$}-permutable variety satisfies the congruence
              identity {$\alpha\beta_h=\alpha\gamma_h$}},
   JOURNAL = {Proc. Amer. Math. Soc.},
  FJOURNAL = {Proceedings of the American Mathematical Society},
    VOLUME = {136},
      YEAR = {2008},
    NUMBER = {4},
     PAGES = {1137--1144},
      ISSN = {0002-9939},
   MRCLASS = {08A30 (06B20 08B99)},
  MRNUMBER = {2367087},
MRREVIEWER = {Ivan Chajda},
       DOI = {10.1090/S0002-9939-07-09337-9},
       URL = {https://doi-org.colorado.idm.oclc.org/10.1090/S0002-9939-07-09337-9},
}
		
@article {MR2339851,
    AUTHOR = {Lipparini, Paolo},
     TITLE = {From congruence identities to tolerance identities},
   JOURNAL = {Acta Sci. Math. (Szeged)},
  FJOURNAL = {Acta Universitatis Szegediensis. Acta Scientiarum
              Mathematicarum},
    VOLUME = {73},
      YEAR = {2007},
    NUMBER = {1-2},
     PAGES = {31--51},
      ISSN = {0001-6969},
   MRCLASS = {08A30 (08B05)},
  MRNUMBER = {2339851},
MRREVIEWER = {Jeffrey S. Olson},
}
		
@article {MR2211205,
    AUTHOR = {Lipparini, Paolo},
     TITLE = {Compact factors in finally compact products of topological
              spaces},
   JOURNAL = {Topology Appl.},
  FJOURNAL = {Topology and its Applications},
    VOLUME = {153},
      YEAR = {2006},
    NUMBER = {9},
     PAGES = {1365--1382},
      ISSN = {0166-8641},
   MRCLASS = {54D20 (03E05 54B10)},
  MRNUMBER = {2211205},
MRREVIEWER = {Klaas Pieter Hart},
       DOI = {10.1016/j.topol.2005.04.002},
       URL = {https://doi-org.colorado.idm.oclc.org/10.1016/j.topol.2005.04.002},
}
		
@article {MR2219410,
    AUTHOR = {Lipparini, Paolo},
     TITLE = {A local proof for a tolerance intersection property},
   JOURNAL = {Algebra Universalis},
  FJOURNAL = {Algebra Universalis},
    VOLUME = {54},
      YEAR = {2005},
    NUMBER = {3},
     PAGES = {273--277},
      ISSN = {0002-5240},
   MRCLASS = {08B10 (08A30)},
  MRNUMBER = {2219410},
       DOI = {10.1007/s00012-005-1942-0},
       URL = {https://doi-org.colorado.idm.oclc.org/10.1007/s00012-005-1942-0},
}
		
@article {MR2148299,
    AUTHOR = {Cz\'edli, G\'abor and Horv\'ath, Eszter K. and Lipparini, Paolo},
     TITLE = {Optimal {M}al\cprime tsev conditions for congruence modular
              varieties},
   JOURNAL = {Algebra Universalis},
  FJOURNAL = {Algebra Universalis},
    VOLUME = {53},
      YEAR = {2005},
    NUMBER = {2-3},
     PAGES = {267--279},
      ISSN = {0002-5240},
   MRCLASS = {08B10 (08B05)},
  MRNUMBER = {2148299},
MRREVIEWER = {Jarom\'\i r Duda},
       DOI = {10.1007/s00012-005-1893-5},
       URL = {https://doi-org.colorado.idm.oclc.org/10.1007/s00012-005-1893-5},
}
		
@article {MR1954538,
    AUTHOR = {Lipparini, Paolo},
     TITLE = {A non-trivial congruence implication between identities weaker
              than modularity},
   JOURNAL = {Acta Sci. Math. (Szeged)},
  FJOURNAL = {Acta Universitatis Szegediensis. Acta Scientiarum
              Mathematicarum},
    VOLUME = {68},
      YEAR = {2002},
    NUMBER = {3-4},
     PAGES = {593--609},
      ISSN = {0001-6969},
   MRCLASS = {08A30 (06B20 08B10)},
  MRNUMBER = {1954538},
MRREVIEWER = {V. A. Artamonov},
}
		
@article {MR1623032,
    AUTHOR = {Lipparini, Paolo},
     TITLE = {Every {$(\lambda^+,\kappa^+)$}-regular ultrafilter is
              {$(\lambda,\kappa)$}-regular},
   JOURNAL = {Proc. Amer. Math. Soc.},
  FJOURNAL = {Proceedings of the American Mathematical Society},
    VOLUME = {128},
      YEAR = {2000},
    NUMBER = {2},
     PAGES = {605--609},
      ISSN = {0002-9939},
   MRCLASS = {03C20 (03E05)},
  MRNUMBER = {1623032},
MRREVIEWER = {U. Felgner},
       DOI = {10.1090/S0002-9939-99-05025-X},
       URL = {https://doi-org.colorado.idm.oclc.org/10.1090/S0002-9939-99-05025-X},
}
		
@article {MR1736348,
    AUTHOR = {Lipparini, P.},
     TITLE = {A {K}iss {$4$}-difference term from a ternary term},
   JOURNAL = {Algebra Universalis},
  FJOURNAL = {Algebra Universalis},
    VOLUME = {42},
      YEAR = {1999},
    NUMBER = {1-2},
     PAGES = {153--154},
      ISSN = {0002-5240},
   MRCLASS = {08A05},
  MRNUMBER = {1736348},
       DOI = {10.1007/s000120050130},
       URL = {https://doi-org.colorado.idm.oclc.org/10.1007/s000120050130},
}
		
@article {MR1706845,
    AUTHOR = {Lipparini, Paolo},
     TITLE = {Congruence modularity implies the {A}rguesian law for single
              algebras with a difference term},
   JOURNAL = {J. Algebra},
  FJOURNAL = {Journal of Algebra},
    VOLUME = {219},
      YEAR = {1999},
    NUMBER = {2},
     PAGES = {658--681},
      ISSN = {0021-8693},
   MRCLASS = {08A35 (06C05)},
  MRNUMBER = {1706845},
MRREVIEWER = {I. G. Rosenberg},
       DOI = {10.1006/jabr.1999.7874},
       URL = {https://doi-org.colorado.idm.oclc.org/10.1006/jabr.1999.7874},
}
		
@article {MR1637665,
    AUTHOR = {Lipparini, Paolo},
     TITLE = {A characterization of varieties with a difference term. {II}.
              {N}eutral {$=$} meet semi-distributive},
   JOURNAL = {Canad. Math. Bull.},
  FJOURNAL = {Canadian Mathematical Bulletin. Bulletin Canadien de
              Math\'ematiques},
    VOLUME = {41},
      YEAR = {1998},
    NUMBER = {3},
     PAGES = {318--327},
      ISSN = {0008-4395},
   MRCLASS = {08B05},
  MRNUMBER = {1637665},
MRREVIEWER = {E. W. Kiss},
       DOI = {10.4153/CMB-1998-044-9},
       URL = {https://doi-org.colorado.idm.oclc.org/10.4153/CMB-1998-044-9},
}
		
@article {MR1489196,
    AUTHOR = {Lipparini, Paolo},
     TITLE = {Productive {$[\lambda,\mu]$}-compactness and regular
              ultrafilters},
   JOURNAL = {Topology Proc.},
  FJOURNAL = {Topology Proceedings},
    VOLUME = {21},
      YEAR = {1996},
     PAGES = {161--171},
      ISSN = {0146-4124},
   MRCLASS = {54D30 (54A20)},
  MRNUMBER = {1489196},
}
		
@article {MR1411074,
    AUTHOR = {Lipparini, Paolo},
     TITLE = {A characterization of varieties with a difference term},
   JOURNAL = {Canad. Math. Bull.},
  FJOURNAL = {Canadian Mathematical Bulletin. Bulletin Canadien de
              Math\'ematiques},
    VOLUME = {39},
      YEAR = {1996},
    NUMBER = {3},
     PAGES = {308--315},
      ISSN = {0008-4395},
   MRCLASS = {08B05},
  MRNUMBER = {1411074},
MRREVIEWER = {E. W. Kiss},
       DOI = {10.4153/CMB-1996-038-0},
       URL = {https://doi-org.colorado.idm.oclc.org/10.4153/CMB-1996-038-0},
}
		
@article {MR1375069,
    AUTHOR = {Lipparini, Paolo},
     TITLE = {Ultrafilter translations. {I}.
              {$(\lambda,\lambda)$}-compactness of logics with a cardinality
              quantifier},
   JOURNAL = {Arch. Math. Logic},
  FJOURNAL = {Archive for Mathematical Logic},
    VOLUME = {35},
      YEAR = {1996},
    NUMBER = {2},
     PAGES = {63--87},
      ISSN = {0933-5846},
   MRCLASS = {03C80 (03E45)},
  MRNUMBER = {1375069},
MRREVIEWER = {Martin Weese},
       DOI = {10.1007/s001530050034},
       URL = {https://doi-org.colorado.idm.oclc.org/10.1007/s001530050034},
}
		
@article {MR1318980,
    AUTHOR = {Lipparini, P.},
     TITLE = {{$n$}-permutable varieties satisfy nontrivial congruence
              identities},
   JOURNAL = {Algebra Universalis},
  FJOURNAL = {Algebra Universalis},
    VOLUME = {33},
      YEAR = {1995},
    NUMBER = {2},
     PAGES = {159--168},
      ISSN = {0002-5240},
   MRCLASS = {08B10},
  MRNUMBER = {1318980},
MRREVIEWER = {A. A. Iskander},
       DOI = {10.1007/BF01190927},
       URL = {https://doi-org.colorado.idm.oclc.org/10.1007/BF01190927},
}
		
@article {MR1315822,
    AUTHOR = {Lipparini, Paolo},
     TITLE = {Congruence identities satisfied in {$n$}-permutable varieties},
   JOURNAL = {Boll. Un. Mat. Ital. B (7)},
  FJOURNAL = {Unione Matematica Italiana. Bollettino. B. Serie VII},
    VOLUME = {8},
      YEAR = {1994},
    NUMBER = {4},
     PAGES = {851--868},
   MRCLASS = {08B05 (08B10)},
  MRNUMBER = {1315822},
MRREVIEWER = {Jarom\'\i r Duda},
}
		
@article {MR1257643,
    AUTHOR = {Lipparini, Paolo},
     TITLE = {Commutator theory without join-distributivity},
   JOURNAL = {Trans. Amer. Math. Soc.},
  FJOURNAL = {Transactions of the American Mathematical Society},
    VOLUME = {346},
      YEAR = {1994},
    NUMBER = {1},
     PAGES = {177--202},
      ISSN = {0002-9947},
   MRCLASS = {08B10 (08A30 08B05)},
  MRNUMBER = {1257643},
MRREVIEWER = {H. Peter Gumm},
       DOI = {10.2307/2154948},
       URL = {https://doi-org.colorado.idm.oclc.org/10.2307/2154948},
}
		
@article {MR1086710,
    AUTHOR = {Lipparini, Paolo},
     TITLE = {The compactness spectrum of abstract logics, large cardinals
              and combinatorial principles},
   JOURNAL = {Boll. Un. Mat. Ital. B (7)},
  FJOURNAL = {Unione Matematica Italiana. Bollettino. B. Serie VII},
    VOLUME = {4},
      YEAR = {1990},
    NUMBER = {4},
     PAGES = {875--903},
   MRCLASS = {03C95 (03C55)},
  MRNUMBER = {1086710},
MRREVIEWER = {S. R. Kogalovski\u\i },
}
		
@article {MR890451,
    AUTHOR = {Lipparini, Paolo},
     TITLE = {Limit ultrapowers and abstract logics},
   JOURNAL = {J. Symbolic Logic},
  FJOURNAL = {The Journal of Symbolic Logic},
    VOLUME = {52},
      YEAR = {1987},
    NUMBER = {2},
     PAGES = {437--454},
      ISSN = {0022-4812},
   MRCLASS = {03C95 (03C20 03C45 03C52 03C80)},
  MRNUMBER = {890451},
MRREVIEWER = {S. R. Kogalovski\u\i },
       DOI = {10.2307/2274393},
       URL = {https://doi-org.colorado.idm.oclc.org/10.2307/2274393},
}
		
@article {MR976942,
    AUTHOR = {Lipparini, Paolo},
     TITLE = {Consequences of compactness properties for abstract logics},
   JOURNAL = {Atti Accad. Naz. Lincei Rend. Cl. Sci. Fis. Mat. Natur. (8)},
  FJOURNAL = {Atti della Accademia Nazionale dei Lincei. Rendiconti. Classe
              di Scienze Fisiche, Matematiche e Naturali. Serie VIII},
    VOLUME = {80},
      YEAR = {1986},
    NUMBER = {7-12},
     PAGES = {501--503 (1987)},
      ISSN = {0392-7881},
   MRCLASS = {03C95 (03C55 03C70 03C85)},
  MRNUMBER = {976942},
MRREVIEWER = {S. R. Kogalovski\u\i },
}
		
@inproceedings {MR825040,
    AUTHOR = {Lipparini, Paolo},
     TITLE = {Hyperabelian algebras},
 BOOKTITLE = {Proceedings of the conference on mathematical logic, {V}ol. 2
              ({S}iena, 1983/1984)},
     PAGES = {499--500},
 PUBLISHER = {Univ. Siena, Siena},
      YEAR = {1985},
   MRCLASS = {08A99 (16A66 20F12)},
  MRNUMBER = {825040},
}
		
@inproceedings {MR824286,
    AUTHOR = {Lipparini, Paolo},
     TITLE = {Compactness properties of logics generated by monadic
              quantifiers and cardinalities of limit ultrapowers},
 BOOKTITLE = {Proceedings of the third {E}aster conference on model theory
              ({G}ross {K}\"oris, 1985)},
    SERIES = {Seminarberichte},
    VOLUME = {70},
     PAGES = {183--185},
 PUBLISHER = {Humboldt Univ., Berlin},
      YEAR = {1985},
   MRCLASS = {03C20 (03C80)},
  MRNUMBER = {824286},
}
		
@article {MR813891,
    AUTHOR = {Lipparini, Paolo},
     TITLE = {Duality for compact logics and substitution in abstract model
              theory},
   JOURNAL = {Z. Math. Logik Grundlag. Math.},
  FJOURNAL = {Zeitschrift f\"ur Mathematische Logik und Grundlagen der
              Mathematik},
    VOLUME = {31},
      YEAR = {1985},
    NUMBER = {6},
     PAGES = {517--532},
      ISSN = {0044-3050},
   MRCLASS = {03C95},
  MRNUMBER = {813891},
MRREVIEWER = {John Cowles},
       DOI = {10.1002/malq.19850313107},
       URL = {https://doi-org.colorado.idm.oclc.org/10.1002/malq.19850313107},
}
		
@article {MR805429,
    AUTHOR = {Lipparini, Paolo},
     TITLE = {Robinson equivalence relations through limit ultrapowers},
   JOURNAL = {Boll. Un. Mat. Ital. B (6)},
  FJOURNAL = {Unione Matematica Italiana. Bollettino. B. Serie VI},
    VOLUME = {4},
      YEAR = {1985},
    NUMBER = {2},
     PAGES = {569--583},
   MRCLASS = {03C95 (03C20)},
  MRNUMBER = {805429},
MRREVIEWER = {John Cowles},
}
		
@article {MR814346,
    AUTHOR = {Lipparini, Paolo},
     TITLE = {An application of commutator theory to incidence algebras},
   JOURNAL = {Atti Accad. Naz. Lincei Rend. Cl. Sci. Fis. Mat. Natur. (8)},
  FJOURNAL = {Atti della Accademia Nazionale dei Lincei. Rendiconti. Classe
              di Scienze Fisiche, Matematiche e Naturali. Serie VIII},
    VOLUME = {76},
      YEAR = {1984},
    NUMBER = {2},
     PAGES = {85--87 (1985)},
      ISSN = {0392-7881},
   MRCLASS = {08A30},
  MRNUMBER = {814346},
}
		
@article {MR726293,
    AUTHOR = {Lipparini, Paolo},
     TITLE = {Some results about compact logics},
   JOURNAL = {Atti Accad. Naz. Lincei Rend. Cl. Sci. Fis. Mat. Natur. (8)},
  FJOURNAL = {Atti della Accademia Nazionale dei Lincei. Rendiconti. Classe
              di Scienze Fisiche, Matematiche e Naturali. Serie VIII},
    VOLUME = {72},
      YEAR = {1982},
    NUMBER = {6},
     PAGES = {308--311 (1983)},
      ISSN = {0392-7881},
   MRCLASS = {03C95},
  MRNUMBER = {726293},
MRREVIEWER = {H. Andr\'eka},
}
		
@article {MR726084,
    AUTHOR = {Lipparini, Paolo},
     TITLE = {Locally finite theories with model companion},
   JOURNAL = {Atti Accad. Naz. Lincei Rend. Cl. Sci. Fis. Mat. Natur. (8)},
  FJOURNAL = {Atti della Accademia Nazionale dei Lincei. Rendiconti. Classe
              di Scienze Fisiche, Matematiche e Naturali. Serie VIII},
    VOLUME = {72},
      YEAR = {1982},
    NUMBER = {1},
     PAGES = {6--11 (1983)},
      ISSN = {0392-7881},
   MRCLASS = {03C30},
  MRNUMBER = {726084},
MRREVIEWER = {Annalisa Marcja},
}
		
@article {MR683359,
    AUTHOR = {Lipparini, Paolo},
     TITLE = {Existentially complete closure algebras},
   JOURNAL = {Boll. Un. Mat. Ital. D (6)},
  FJOURNAL = {Unione Matematica Italiana. Bollettino. D. Serie VI},
    VOLUME = {1},
      YEAR = {1982},
    NUMBER = {1},
     PAGES = {13--19},
   MRCLASS = {03C65 (06E10)},
  MRNUMBER = {683359},
MRREVIEWER = {Bienvenido F. Nebres},
}



