@article {MR3723176,
    AUTHOR = {Mayr, Peter and Ru\v skuc, Nik},
     TITLE = {Finiteness properties of direct products of algebraic
              structures},
   JOURNAL = {J. Algebra},
  FJOURNAL = {Journal of Algebra},
    VOLUME = {494},
      YEAR = {2018},
     PAGES = {167--187},
      ISSN = {0021-8693},
   MRCLASS = {08B25 (06B25 08A05 08B05 20N05)},
  MRNUMBER = {3723176},
MRREVIEWER = {Anna Romanowska},
       DOI = {10.1016/j.jalgebra.2017.09.035},
       URL = {https://doi-org.colorado.idm.oclc.org/10.1016/j.jalgebra.2017.09.035},
}
		
@article {MR3572050,
    AUTHOR = {Bulatov, Andrei and Kozik, Marcin and Mayr, Peter and Steindl,
              Markus},
     TITLE = {The subpower membership problem for semigroups},
   JOURNAL = {Internat. J. Algebra Comput.},
  FJOURNAL = {International Journal of Algebra and Computation},
    VOLUME = {26},
      YEAR = {2016},
    NUMBER = {7},
     PAGES = {1435--1451},
      ISSN = {0218-1967},
   MRCLASS = {20M05 (68Q25)},
  MRNUMBER = {3572050},
       DOI = {10.1142/S0218196716500612},
       URL = {https://doi-org.colorado.idm.oclc.org/10.1142/S0218196716500612},
}
		
@incollection {MR3566704,
    AUTHOR = {Chen, Hubie and Mayr, Peter},
     TITLE = {Quantified constraint satisfaction on monoids},
 BOOKTITLE = {Computer science logic 2016},
    SERIES = {LIPIcs. Leibniz Int. Proc. Inform.},
    VOLUME = {62},
     PAGES = {Art. No. 15, 14},
 PUBLISHER = {Schloss Dagstuhl. Leibniz-Zent. Inform., Wadern},
      YEAR = {2016},
   MRCLASS = {68Q19 (03C13 08A70 20M35 68Q17)},
  MRNUMBER = {3566704},
}
		
@article {MR3471188,
    AUTHOR = {Aichinger, Erhard and Mayr, Peter},
     TITLE = {Finitely generated equational classes},
   JOURNAL = {J. Pure Appl. Algebra},
  FJOURNAL = {Journal of Pure and Applied Algebra},
    VOLUME = {220},
      YEAR = {2016},
    NUMBER = {8},
     PAGES = {2816--2827},
      ISSN = {0022-4049},
   MRCLASS = {08B05 (03C05 08B15)},
  MRNUMBER = {3471188},
MRREVIEWER = {Mohammad Shahryari},
       DOI = {10.1016/j.jpaa.2016.01.001},
       URL = {https://doi-org.colorado.idm.oclc.org/10.1016/j.jpaa.2016.01.001},
}
		
@article {MR3432223,
    AUTHOR = {Aichinger, Erhard and Mayr, Peter},
     TITLE = {Independence of algebras with edge term},
   JOURNAL = {Internat. J. Algebra Comput.},
  FJOURNAL = {International Journal of Algebra and Computation},
    VOLUME = {25},
      YEAR = {2015},
    NUMBER = {7},
     PAGES = {1145--1157},
      ISSN = {0218-1967},
   MRCLASS = {08B05 (03C05 08A40 08B25 68Q25)},
  MRNUMBER = {3432223},
MRREVIEWER = {S. Comer},
       DOI = {10.1142/S0218196715500344},
       URL = {https://doi-org.colorado.idm.oclc.org/10.1142/S0218196715500344},
}
		
@article {MR3262454,
    AUTHOR = {Aichinger, Erhard and Mayr, Peter and McKenzie, Ralph},
     TITLE = {On the number of finite algebraic structures},
   JOURNAL = {J. Eur. Math. Soc. (JEMS)},
  FJOURNAL = {Journal of the European Mathematical Society (JEMS)},
    VOLUME = {16},
      YEAR = {2014},
    NUMBER = {8},
     PAGES = {1673--1686},
      ISSN = {1435-9855},
   MRCLASS = {08A62 (06A06 08A40 08B05)},
  MRNUMBER = {3262454},
MRREVIEWER = {Neboj\v sa Mudrinski},
       DOI = {10.4171/JEMS/472},
       URL = {https://doi-org.colorado.idm.oclc.org/10.4171/JEMS/472},
}
		
@article {MR3177807,
    AUTHOR = {Bentz, Wolfram and Mayr, Peter},
     TITLE = {Supernilpotence prevents dualizability},
   JOURNAL = {J. Aust. Math. Soc.},
  FJOURNAL = {Journal of the Australian Mathematical Society},
    VOLUME = {96},
      YEAR = {2014},
    NUMBER = {1},
     PAGES = {1--24},
      ISSN = {1446-7887},
   MRCLASS = {08C20 (03C05 08A05 08B10)},
  MRNUMBER = {3177807},
MRREVIEWER = {Brian A. Davey},
       DOI = {10.1017/S1446788713000517},
       URL = {https://doi-org.colorado.idm.oclc.org/10.1017/S1446788713000517},
}
		
@article {MR3053784,
    AUTHOR = {Mayr, Peter},
     TITLE = {On finitely related semigroups},
   JOURNAL = {Semigroup Forum},
  FJOURNAL = {Semigroup Forum},
    VOLUME = {86},
      YEAR = {2013},
    NUMBER = {3},
     PAGES = {613--633},
      ISSN = {0037-1912},
   MRCLASS = {20M05 (08A05 08A40)},
  MRNUMBER = {3053784},
MRREVIEWER = {Jorge Almeida},
       DOI = {10.1007/s00233-012-9455-6},
       URL = {https://doi-org.colorado.idm.oclc.org/10.1007/s00233-012-9455-6},
}
		
@article {MR2999374,
    AUTHOR = {Mayr, Peter},
     TITLE = {The subpower membership problem for {M}al\cprime cev algebras},
   JOURNAL = {Internat. J. Algebra Comput.},
  FJOURNAL = {International Journal of Algebra and Computation},
    VOLUME = {22},
      YEAR = {2012},
    NUMBER = {7},
     PAGES = {1250075, 23},
      ISSN = {0218-1967},
   MRCLASS = {08A40 (20B40)},
  MRNUMBER = {2999374},
MRREVIEWER = {Neboj\v sa Mudrinski},
       DOI = {10.1142/S0218196712500750},
       URL = {https://doi-org.colorado.idm.oclc.org/10.1142/S0218196712500750},
}
		
@article {MR2981128,
    AUTHOR = {Horv\'ath, G\'abor and Mayr, Peter and Pongr\'acz, Andr\'as},
     TITLE = {Characterizing translations on groups by cosets of their
              subgroups},
   JOURNAL = {Comm. Algebra},
  FJOURNAL = {Communications in Algebra},
    VOLUME = {40},
      YEAR = {2012},
    NUMBER = {9},
     PAGES = {3141--3168},
      ISSN = {0092-7872},
   MRCLASS = {20D30 (06B05)},
  MRNUMBER = {2981128},
MRREVIEWER = {Daniel A. Ramras},
       DOI = {10.1080/00927872.2011.561394},
       URL = {https://doi-org.colorado.idm.oclc.org/10.1080/00927872.2011.561394},
}
		
@article {MR2837110,
    AUTHOR = {Aichinger, Erhard and Mayr, Peter and Meldrum, John D. P. and
              Peterson, Gary L. and Scott, Stuart D.},
     TITLE = {Units of compatible nearrings},
   JOURNAL = {Monatsh. Math.},
  FJOURNAL = {Monatshefte f\"ur Mathematik},
    VOLUME = {164},
      YEAR = {2011},
    NUMBER = {2},
     PAGES = {119--132},
      ISSN = {0026-9255},
   MRCLASS = {16Y30},
  MRNUMBER = {2837110},
MRREVIEWER = {Silvia Pellegrini},
       DOI = {10.1007/s00605-010-0193-0},
       URL = {https://doi-org.colorado.idm.oclc.org/10.1007/s00605-010-0193-0},
}
		
@article {MR2784502,
    AUTHOR = {Mayr, Peter},
     TITLE = {Mal'cev algebras with supernilpotent centralizers},
   JOURNAL = {Algebra Universalis},
  FJOURNAL = {Algebra Universalis},
    VOLUME = {65},
      YEAR = {2011},
    NUMBER = {2},
     PAGES = {193--211},
      ISSN = {0002-5240},
   MRCLASS = {08A40 (13M10)},
  MRNUMBER = {2784502},
MRREVIEWER = {Ewa Graczy\'nska},
       DOI = {10.1007/s00012-011-0124-5},
       URL = {https://doi-org.colorado.idm.oclc.org/10.1007/s00012-011-0124-5},
}
		
@article {MR2600902,
    AUTHOR = {Kaarli, Kalle and Mayr, Peter},
     TITLE = {Polynomial functions on subdirect products},
   JOURNAL = {Monatsh. Math.},
  FJOURNAL = {Monatshefte f\"ur Mathematik},
    VOLUME = {159},
      YEAR = {2010},
    NUMBER = {4},
     PAGES = {341--359},
      ISSN = {0026-9255},
   MRCLASS = {08A40 (08B10)},
  MRNUMBER = {2600902},
MRREVIEWER = {Joel Berman},
       DOI = {10.1007/s00605-009-0120-4},
       URL = {https://doi-org.colorado.idm.oclc.org/10.1007/s00605-009-0120-4},
}
		
@article {MR2503304,
    AUTHOR = {Jabara, Enrico and Mayr, Peter},
     TITLE = {Frobenius complements of exponent dividing {$2^m\cdot9$}},
   JOURNAL = {Forum Math.},
  FJOURNAL = {Forum Mathematicum},
    VOLUME = {21},
      YEAR = {2009},
    NUMBER = {2},
     PAGES = {217--220},
      ISSN = {0933-7741},
   MRCLASS = {20F28},
  MRNUMBER = {2503304},
MRREVIEWER = {Mihalis A. Sykiotis},
       DOI = {10.1515/FORUM.2009.011},
       URL = {https://doi-org.colorado.idm.oclc.org/10.1515/FORUM.2009.011},
}
		
@article {MR2428154,
    AUTHOR = {Mayr, Peter},
     TITLE = {Polynomial clones on squarefree groups},
   JOURNAL = {Internat. J. Algebra Comput.},
  FJOURNAL = {International Journal of Algebra and Computation},
    VOLUME = {18},
      YEAR = {2008},
    NUMBER = {4},
     PAGES = {759--777},
      ISSN = {0218-1967},
   MRCLASS = {08A40 (08A30 20C05)},
  MRNUMBER = {2428154},
MRREVIEWER = {\'Agnes Szendrei},
       DOI = {10.1142/S0218196708004597},
       URL = {https://doi-org.colorado.idm.oclc.org/10.1142/S0218196708004597},
}
		
@article {MR2311655,
    AUTHOR = {Landsmann, G\"unter and Mayr, Peter and Schicho, Josef},
     TITLE = {A topological property of polynomial functions on {${\rm
              GL}(2,\Bbb R)$}},
   JOURNAL = {Aequationes Math.},
  FJOURNAL = {Aequationes Mathematicae},
    VOLUME = {73},
      YEAR = {2007},
    NUMBER = {1-2},
     PAGES = {71--77},
      ISSN = {0001-9054},
   MRCLASS = {08A40 (20G20)},
  MRNUMBER = {2311655},
MRREVIEWER = {Smile Markovski},
       DOI = {10.1007/s00010-006-2864-4},
       URL = {https://doi-org.colorado.idm.oclc.org/10.1007/s00010-006-2864-4},
}
		
@article {MR2296547,
    AUTHOR = {Aichinger, E. and Mayr, P.},
     TITLE = {Polynomial clones on groups of order {$pq$}},
   JOURNAL = {Acta Math. Hungar.},
  FJOURNAL = {Acta Mathematica Hungarica},
    VOLUME = {114},
      YEAR = {2007},
    NUMBER = {3},
     PAGES = {267--285},
      ISSN = {0236-5294},
   MRCLASS = {08A40},
  MRNUMBER = {2296547},
MRREVIEWER = {H. Lausch},
       DOI = {10.1007/s10474-006-0530-x},
       URL = {https://doi-org.colorado.idm.oclc.org/10.1007/s10474-006-0530-x},
}
		
@article {MR2249237,
    AUTHOR = {Mayr, Peter},
     TITLE = {The polynomial functions on {F}robenius complements},
   JOURNAL = {Acta Sci. Math. (Szeged)},
  FJOURNAL = {Acta Universitatis Szegediensis. Acta Scientiarum
              Mathematicarum},
    VOLUME = {72},
      YEAR = {2006},
    NUMBER = {1-2},
     PAGES = {37--50},
      ISSN = {0001-6969},
   MRCLASS = {08A40 (20D10)},
  MRNUMBER = {2249237},
MRREVIEWER = {H. Lausch},
}
		
@article {MR2170537,
    AUTHOR = {Mayr, Peter},
     TITLE = {Sharply 2-transitive groups with point stabilizer of exponent
              3 or 6},
   JOURNAL = {Proc. Amer. Math. Soc.},
  FJOURNAL = {Proceedings of the American Mathematical Society},
    VOLUME = {134},
      YEAR = {2006},
    NUMBER = {1},
     PAGES = {9--13},
      ISSN = {0002-9939},
   MRCLASS = {20B22 (20B20)},
  MRNUMBER = {2170537},
MRREVIEWER = {Cheryl E. Praeger},
       DOI = {10.1090/S0002-9939-05-08272-9},
       URL = {https://doi-org.colorado.idm.oclc.org/10.1090/S0002-9939-05-08272-9},
}
		
@article {MR2217532,
    AUTHOR = {Boykett, Tim and Mayr, Peter},
     TITLE = {Fixed-point-free automorphism groups from rings},
   JOURNAL = {Southeast Asian Bull. Math.},
  FJOURNAL = {Southeast Asian Bulletin of Mathematics},
    VOLUME = {29},
      YEAR = {2005},
    NUMBER = {2},
     PAGES = {253--257},
      ISSN = {0129-2021},
   MRCLASS = {16Y30},
  MRNUMBER = {2217532},
MRREVIEWER = {Wen-Fong Ke},
}
		
@incollection {MR2177521,
    AUTHOR = {Boykett, Tim and Mayr, Peter},
     TITLE = {Difference methods and {F}errero pairs},
 BOOKTITLE = {Nearrings and nearfields},
     PAGES = {177--187},
 PUBLISHER = {Springer, Dordrecht},
      YEAR = {2005},
   MRCLASS = {05B05 (16Y30)},
  MRNUMBER = {2177521},
MRREVIEWER = {Giovanni Ferrero},
       DOI = {10.1007/1-4020-3391-5_7},
       URL = {https://doi-org.colorado.idm.oclc.org/10.1007/1-4020-3391-5_7},
}
		
@article {MR2005248,
    AUTHOR = {Aichinger, Erhard and Mayr, Peter},
     TITLE = {Polynomial functions and endomorphism near-rings on certain
              linear groups},
   JOURNAL = {Comm. Algebra},
  FJOURNAL = {Communications in Algebra},
    VOLUME = {31},
      YEAR = {2003},
    NUMBER = {11},
     PAGES = {5627--5651},
      ISSN = {0092-7872},
   MRCLASS = {16Y30 (08A40 20G40)},
  MRNUMBER = {2005248},
MRREVIEWER = {G. Alan Cannon},
       DOI = {10.1081/AGB-120023978},
       URL = {https://doi-org.colorado.idm.oclc.org/10.1081/AGB-120023978},
}
		
@article {MR1946749,
    AUTHOR = {Mayr, Peter and Morini, Fiorenza},
     TITLE = {Nearrings whose set of {$N$}-subgroups is linearly ordered},
   JOURNAL = {Results Math.},
  FJOURNAL = {Results in Mathematics},
    VOLUME = {42},
      YEAR = {2002},
    NUMBER = {3-4},
     PAGES = {339--348},
      ISSN = {1422-6383},
   MRCLASS = {16Y30},
  MRNUMBER = {1946749},
MRREVIEWER = {G. Alan Cannon},
       DOI = {10.1007/BF03322859},
       URL = {https://doi-org.colorado.idm.oclc.org/10.1007/BF03322859},
}
		
@article {MR1840383,
    AUTHOR = {Binder, Franz and Mayr, Peter},
     TITLE = {Algorithms for finite near-rings and their {$N$}-groups},
      NOTE = {Computer algebra and mechanized reasoning (St. Andrews, 2000)},
   JOURNAL = {J. Symbolic Comput.},
  FJOURNAL = {Journal of Symbolic Computation},
    VOLUME = {32},
      YEAR = {2001},
    NUMBER = {1-2},
     PAGES = {23--38},
      ISSN = {0747-7171},
   MRCLASS = {16Y30 (68W30)},
  MRNUMBER = {1840383},
MRREVIEWER = {Geoffrey L. Booth},
       DOI = {10.1006/jsco.2001.0449},
       URL = {https://doi-org.colorado.idm.oclc.org/10.1006/jsco.2001.0449},
}
		
