@incollection {MR2842046,
    AUTHOR = {Meinke, Karl and Sindhu, Muddassar A.},
     TITLE = {Incremental learning-based testing for reactive systems},
 BOOKTITLE = {Tests and proofs},
    SERIES = {Lecture Notes in Comput. Sci.},
    VOLUME = {6706},
     PAGES = {134--151},
 PUBLISHER = {Springer, Heidelberg},
      YEAR = {2011},
   MRCLASS = {Expansion},
  MRNUMBER = {2842046},
       DOI = {10.1007/978-3-642-21768-5_11},
       URL = {https://doi-org.colorado.idm.oclc.org/10.1007/978-3-642-21768-5_11},
}
		
@article {MR2341292,
    AUTHOR = {Hu, Shaolin and Meinke, Karl and Chen, Rushan and Huajiang,
              Ouyang},
     TITLE = {Iterative estimators of parameters in linear models with
              partially variant coefficients},
   JOURNAL = {Int. J. Appl. Math. Comput. Sci.},
  FJOURNAL = {International Journal of Applied Mathematics and Computer
              Science},
    VOLUME = {17},
      YEAR = {2007},
    NUMBER = {2},
     PAGES = {179--187},
      ISSN = {1641-876X},
   MRCLASS = {62F10 (62J05)},
  MRNUMBER = {2341292},
MRREVIEWER = {Hemangi V. Kulkarni},
       DOI = {10.2478/v10006-007-0017-0},
       URL = {https://doi-org.colorado.idm.oclc.org/10.2478/v10006-007-0017-0},
}
		
@incollection {MR2281350,
    AUTHOR = {Meinke, Karl},
     TITLE = {A stochastic theory of black-box software testing},
 BOOKTITLE = {Algebra, meaning, and computation},
    SERIES = {Lecture Notes in Comput. Sci.},
    VOLUME = {4060},
     PAGES = {578--595},
 PUBLISHER = {Springer, Berlin},
      YEAR = {2006},
   MRCLASS = {68N99 (60C05)},
  MRNUMBER = {2281350},
       DOI = {10.1007/11780274_30},
       URL = {https://doi-org.colorado.idm.oclc.org/10.1007/11780274_30},
}
		
@article {MR1991256,
    AUTHOR = {Meinke, K.},
     TITLE = {Proof theory of higher-order equations: conservativity, normal
              forms and term rewriting},
   JOURNAL = {J. Comput. System Sci.},
  FJOURNAL = {Journal of Computer and System Sciences},
    VOLUME = {67},
      YEAR = {2003},
    NUMBER = {1},
     PAGES = {127--173},
      ISSN = {0022-0000},
   MRCLASS = {03B70 (03B15 68Q42)},
  MRNUMBER = {1991256},
MRREVIEWER = {Ralph Matthes},
       DOI = {10.1016/S0022-0000(03)00048-5},
       URL = {https://doi-org.colorado.idm.oclc.org/10.1016/S0022-0000(03)00048-5},
}
		
@article {MR1857515,
    AUTHOR = {Meinke, K. and Steggles, L. J.},
     TITLE = {Correctness of dataflow and systolic algorithms using algebras
              of streams},
   JOURNAL = {Acta Inform.},
  FJOURNAL = {Acta Informatica},
    VOLUME = {38},
      YEAR = {2001},
    NUMBER = {1},
     PAGES = {45--88},
      ISSN = {0001-5903},
   MRCLASS = {68Q60 (68Q10)},
  MRNUMBER = {1857515},
MRREVIEWER = {Gabriel Ciobanu},
       DOI = {10.1007/PL00013322},
       URL = {https://doi-org.colorado.idm.oclc.org/10.1007/PL00013322},
}
		
@article {MR1463771,
    AUTHOR = {Meinke, Karl},
     TITLE = {A completeness theorem for the expressive power of
              higher-order algebraic specifications},
   JOURNAL = {J. Comput. System Sci.},
  FJOURNAL = {Journal of Computer and System Sciences},
    VOLUME = {54},
      YEAR = {1997},
    NUMBER = {3},
     PAGES = {502--519},
      ISSN = {0022-0000},
   MRCLASS = {68Q65},
  MRNUMBER = {1463771},
MRREVIEWER = {Horst Reichel},
       DOI = {10.1006/jcss.1997.1489},
       URL = {https://doi-org.colorado.idm.oclc.org/10.1006/jcss.1997.1489},
}
		
@incollection {MR1422056,
    AUTHOR = {Meinke, Karl},
     TITLE = {Higher-order equational logic for specification, simulation
              and testing},
 BOOKTITLE = {Higher-order algebra, logic, and term rewriting ({P}aderborn,
              1995)},
    SERIES = {Lecture Notes in Comput. Sci.},
    VOLUME = {1074},
     PAGES = {124--143},
 PUBLISHER = {Springer, Berlin},
      YEAR = {1996},
   MRCLASS = {68Q65 (03B70 68Q42)},
  MRNUMBER = {1422056},
       DOI = {10.1007/3-540-61254-8_23},
       URL = {https://doi-org.colorado.idm.oclc.org/10.1007/3-540-61254-8_23},
}
		
@article {MR1413493,
    AUTHOR = {Meinke, Karl},
     TITLE = {Topological methods for algebraic specification},
   JOURNAL = {Theoret. Comput. Sci.},
  FJOURNAL = {Theoretical Computer Science},
    VOLUME = {166},
      YEAR = {1996},
    NUMBER = {1-2},
     PAGES = {263--290},
      ISSN = {0304-3975},
   MRCLASS = {68Q65 (08A70 54H99)},
  MRNUMBER = {1413493},
MRREVIEWER = {Horst Reichel},
       DOI = {10.1016/0304-3975(95)00261-8},
       URL = {https://doi-org.colorado.idm.oclc.org/10.1016/0304-3975(95)00261-8},
}
		
@article {MR1368059,
    AUTHOR = {Kosiuczenko, P. and Meinke, K.},
     TITLE = {On the power of higher-order algebraic specification methods},
   JOURNAL = {Inform. and Comput.},
  FJOURNAL = {Information and Computation},
    VOLUME = {124},
      YEAR = {1996},
    NUMBER = {1},
     PAGES = {85--101},
      ISSN = {0890-5401},
   MRCLASS = {68Q65 (03D15 03D55)},
  MRNUMBER = {1368059},
MRREVIEWER = {Horst Reichel},
       DOI = {10.1006/inco.1996.0007},
       URL = {https://doi-org.colorado.idm.oclc.org/10.1006/inco.1996.0007},
}
		
@incollection {MR1321381,
    AUTHOR = {Meinke, K. and Steggles, L. J.},
     TITLE = {Specification and verification in higher order algebra: a case
              study of convolution},
 BOOKTITLE = {Higher-order algebra, logic, and term rewriting ({A}msterdam,
              1993)},
    SERIES = {Lecture Notes in Comput. Sci.},
    VOLUME = {816},
     PAGES = {189--222},
 PUBLISHER = {Springer, Berlin},
      YEAR = {1994},
   MRCLASS = {68Q60 (03B70)},
  MRNUMBER = {1321381},
MRREVIEWER = {Horst Reichel},
       DOI = {10.1007/3-540-58233-9_10},
       URL = {https://doi-org.colorado.idm.oclc.org/10.1007/3-540-58233-9_10},
}
		
@article {MR1286549,
    AUTHOR = {Meinke, Karl},
     TITLE = {A recursive second order initial algebra specification of
              primitive recursion},
   JOURNAL = {Acta Inform.},
  FJOURNAL = {Acta Informatica},
    VOLUME = {31},
      YEAR = {1994},
    NUMBER = {4},
     PAGES = {329--340},
      ISSN = {0001-5903},
   MRCLASS = {03D20 (03B15 03B70 68Q65)},
  MRNUMBER = {1286549},
MRREVIEWER = {Giorgio Germano},
       DOI = {10.1007/BF01178510},
       URL = {https://doi-org.colorado.idm.oclc.org/10.1007/BF01178510},
}
		
@incollection {MR1254215,
    AUTHOR = {Meinke, Karl},
     TITLE = {Algebraic semantics of rewriting terms and types},
 BOOKTITLE = {Conditional term rewriting systems ({P}ont-\`a-{M}ousson, 1992)},
    SERIES = {Lecture Notes in Comput. Sci.},
    VOLUME = {656},
     PAGES = {1--20},
 PUBLISHER = {Springer, Berlin},
      YEAR = {1993},
   MRCLASS = {68Q42},
  MRNUMBER = {1254215},
       DOI = {10.1007/3-540-56393-8_1},
       URL = {https://doi-org.colorado.idm.oclc.org/10.1007/3-540-56393-8_1},
}
		
@incollection {MR1426365,
    AUTHOR = {Meinke, K. and Tucker, J. V.},
     TITLE = {Universal algebra},
 BOOKTITLE = {Handbook of logic in computer science, {V}ol. 1},
    SERIES = {Handb. Log. Comput. Sci.},
    VOLUME = {1},
     PAGES = {189--411},
 PUBLISHER = {Oxford Univ. Press, New York},
      YEAR = {1992},
   MRCLASS = {08A70 (68Q55 68Q65)},
  MRNUMBER = {1426365},
}
		
@incollection {MR1232892,
    AUTHOR = {Meinke, Karl},
     TITLE = {Equational specification of abstract types and combinators},
 BOOKTITLE = {Computer science logic ({B}erne, 1991)},
    SERIES = {Lecture Notes in Comput. Sci.},
    VOLUME = {626},
     PAGES = {257--271},
 PUBLISHER = {Springer, Berlin},
      YEAR = {1992},
   MRCLASS = {08A70 (03B40 68Q55)},
  MRNUMBER = {1232892},
       DOI = {10.1007/BFb0023772},
       URL = {https://doi-org.colorado.idm.oclc.org/10.1007/BFb0023772},
}
		
@article {MR1173632,
    AUTHOR = {Meinke, Karl},
     TITLE = {Universal algebra in higher types},
   JOURNAL = {Theoret. Comput. Sci.},
  FJOURNAL = {Theoretical Computer Science},
    VOLUME = {100},
      YEAR = {1992},
    NUMBER = {2},
     PAGES = {385--417},
      ISSN = {0304-3975},
   MRCLASS = {03C85 (03C05 08A70 68Q55)},
  MRNUMBER = {1173632},
MRREVIEWER = {S. Comer},
       DOI = {10.1016/0304-3975(92)90310-C},
       URL = {https://doi-org.colorado.idm.oclc.org/10.1016/0304-3975(92)90310-C},
}
		
@incollection {MR999537,
    AUTHOR = {Meinke, K. and Tucker, J. V.},
     TITLE = {The scope and limits of synchronous concurrent computation},
 BOOKTITLE = {Concurrency 88 ({H}amburg, 1988)},
    SERIES = {Lecture Notes in Comput. Sci.},
    VOLUME = {335},
     PAGES = {163--180},
 PUBLISHER = {Springer, New York},
      YEAR = {1988},
   MRCLASS = {68Q35 (68Q10)},
  MRNUMBER = {999537},
}
		
