@book {MR3445957,
    AUTHOR = {Nederpelt, Rob and Geuvers, Herman},
     TITLE = {Type theory and formal proof},
      NOTE = {An introduction,
              With a foreword by Henk Barendregt},
 PUBLISHER = {Cambridge University Press, Cambridge},
      YEAR = {2014},
     PAGES = {xxv+436},
      ISBN = {978-1-107-03650-5},
   MRCLASS = {03-01 (03B35 03B40 68-01 68N18 68T15)},
  MRNUMBER = {3445957},
MRREVIEWER = {Luca Paolini},
       DOI = {10.1017/CBO9781139567725},
       URL = {https://doi-org.colorado.idm.oclc.org/10.1017/CBO9781139567725},
}
@article {MR3124817,
    AUTHOR = {Geuvers, Herman and Nederpelt, Rob},
     TITLE = {N. {G}. de {B}ruijn's contribution to the formalization of
              mathematics},
   JOURNAL = {Indag. Math. (N.S.)},
  FJOURNAL = {Koninklijke Nederlandse Akademie van Wetenschappen.
              Indagationes Mathematicae. New Series},
    VOLUME = {24},
      YEAR = {2013},
    NUMBER = {4},
     PAGES = {1034--1049},
      ISSN = {0019-3577},
   MRCLASS = {03B35 (00A35 01A70)},
  MRNUMBER = {3124817},
       DOI = {10.1016/j.indag.2013.09.003},
       URL = {https://doi-org.colorado.idm.oclc.org/10.1016/j.indag.2013.09.003},
}
@article {MR3029923,
    AUTHOR = {Dechesne, Francien and Nederpelt, Rob},
     TITLE = {N. {G}. de {B}ruijn (1918--2012) and his road to {A}utomath,
              the earliest proof checker},
   JOURNAL = {Math. Intelligencer},
  FJOURNAL = {The Mathematical Intelligencer},
    VOLUME = {34},
      YEAR = {2012},
    NUMBER = {4},
     PAGES = {4--11},
      ISSN = {0343-6993},
   MRCLASS = {01A70},
  MRNUMBER = {3029923},
       DOI = {10.1007/s00283-012-9324-x},
       URL = {https://doi-org.colorado.idm.oclc.org/10.1007/s00283-012-9324-x},
}
@incollection {MR2154978,
    AUTHOR = {Geuvers, Herman and Nederpelt, Rob},
     TITLE = {Rewriting for {F}itch style natural deductions},
 BOOKTITLE = {Rewriting techniques and applications},
    SERIES = {Lecture Notes in Comput. Sci.},
    VOLUME = {3091},
     PAGES = {134--154},
 PUBLISHER = {Springer, Berlin},
      YEAR = {2004},
   MRCLASS = {68Q42 (03F05 03F07)},
  MRNUMBER = {2154978},
       DOI = {10.1007/978-3-540-25979-4_10},
       URL = {https://doi-org.colorado.idm.oclc.org/10.1007/978-3-540-25979-4_10},
}
@book {MR2079441,
    AUTHOR = {Kamareddine, Fairouz and Laan, Twan and Nederpelt, Rob},
     TITLE = {A modern perspective on type theory},
    SERIES = {Applied Logic Series},
    VOLUME = {29},
      NOTE = {From its origins until today},
 PUBLISHER = {Kluwer Academic Publishers, Dordrecht},
      YEAR = {2004},
     PAGES = {xiv+357},
      ISBN = {1-4020-2334-0},
   MRCLASS = {03B15 (03-02 03-03 03B35 03B40 68N18)},
  MRNUMBER = {2079441},
MRREVIEWER = {Martin W. Bunder},
}
@article {MR2067527,
    AUTHOR = {Kamareddine, Fairouz and Nederpelt, Rob},
     TITLE = {A refinement of de {B}ruijn's formal language of mathematics},
   JOURNAL = {J. Logic Lang. Inform.},
  FJOURNAL = {Journal of Logic, Language and Information},
    VOLUME = {13},
      YEAR = {2004},
    NUMBER = {3},
     PAGES = {287--340},
      ISSN = {0925-8531},
   MRCLASS = {03B15 (00A35 03B65)},
  MRNUMBER = {2067527},
MRREVIEWER = {M. Randall Holmes},
       DOI = {10.1023/B:JLLI.0000028393.47593.b8},
       URL = {https://doi-org.colorado.idm.oclc.org/10.1023/B:JLLI.0000028393.47593.b8},
}
@incollection {MR2067996,
    AUTHOR = {Kamareddine, Fairouz and Laan, Twan and Nederpelt, Rob},
     TITLE = {de {B}ruijn's {A}utomath and pure type systems},
 BOOKTITLE = {Thirty-five years of automating mathematics},
    SERIES = {Appl. Log. Ser.},
    VOLUME = {28},
     PAGES = {71--123},
 PUBLISHER = {Kluwer Acad. Publ., Dordrecht},
      YEAR = {2003},
   MRCLASS = {03B35 (03B15)},
  MRNUMBER = {2067996},
       DOI = {10.1007/978-94-017-0253-9_5},
       URL = {https://doi-org.colorado.idm.oclc.org/10.1007/978-94-017-0253-9_5},
}
@article {MR1954452,
    AUTHOR = {Kamareddine, Fairouz and Laan, Twan and Nederpelt, Rob},
     TITLE = {Revisiting the notion of function},
   JOURNAL = {J. Log. Algebr. Program.},
  FJOURNAL = {The Journal of Logic and Algebraic Programming},
    VOLUME = {54},
      YEAR = {2003},
    NUMBER = {1-2},
     PAGES = {65--107},
      ISSN = {1567-8326},
   MRCLASS = {03A05 (00A30 03-03 03B40 68N18 68Q65)},
  MRNUMBER = {1954452},
MRREVIEWER = {M. Randall Holmes},
       DOI = {10.1016/S1567-8326(02)00016-4},
       URL = {https://doi-org.colorado.idm.oclc.org/10.1016/S1567-8326(02)00016-4},
}
@incollection {MR1966136,
    AUTHOR = {Bloo, Roel and Kamareddine, Fairouz and Laan, Twan and
              Nederpelt, Rob},
     TITLE = {Parameters in pure type systems},
 BOOKTITLE = {L{ATIN} 2002: {T}heoretical informatics ({C}ancun)},
    SERIES = {Lecture Notes in Comput. Sci.},
    VOLUME = {2286},
     PAGES = {371--385},
 PUBLISHER = {Springer, Berlin},
      YEAR = {2002},
   MRCLASS = {68N18 (03B40)},
  MRNUMBER = {1966136},
       DOI = {10.1007/3-540-45995-2_34},
       URL = {https://doi-org.colorado.idm.oclc.org/10.1007/3-540-45995-2_34},
}
@article {MR1936673,
    AUTHOR = {Borghuis, Tijn and Kamareddine, Fairouz and Nederpelt, Rob},
     TITLE = {Formalizing belief revision in type theory},
   JOURNAL = {Log. J. IGPL},
  FJOURNAL = {Logic Journal of the IGPL. Interest Group in Pure and Applied
              Logics},
    VOLUME = {10},
      YEAR = {2002},
    NUMBER = {5},
     PAGES = {461--500},
      ISSN = {1367-0751},
   MRCLASS = {03B42 (03B15)},
  MRNUMBER = {1936673},
MRREVIEWER = {Cees Witteveen},
       DOI = {10.1093/jigpal/10.5.461},
       URL = {https://doi-org.colorado.idm.oclc.org/10.1093/jigpal/10.5.461},
}
@article {MR1919589,
    AUTHOR = {Kamareddine, Fairouz and Laan, Twan and Nederpelt, Rob},
     TITLE = {Types in logic and mathematics before 1940},
   JOURNAL = {Bull. Symbolic Logic},
  FJOURNAL = {The Bulletin of Symbolic Logic},
    VOLUME = {8},
      YEAR = {2002},
    NUMBER = {2},
     PAGES = {185--245},
      ISSN = {1079-8986},
   MRCLASS = {03B15 (01A55 01A60 03-03)},
  MRNUMBER = {1919589},
MRREVIEWER = {E. Mendelson},
       DOI = {10.2307/2693964},
       URL = {https://doi-org.colorado.idm.oclc.org/10.2307/2693964},
}
@incollection {MR1948178,
    AUTHOR = {Kamareddine, Fairouz and Laan, Twan and Nederpelt, Rob},
     TITLE = {Refining the {B}arendregt cube using parameters},
 BOOKTITLE = {Functional and logic programming ({T}okyo, 2001)},
    SERIES = {Lecture Notes in Comput. Sci.},
    VOLUME = {2024},
     PAGES = {375--389},
 PUBLISHER = {Springer, Berlin},
      YEAR = {2001},
   MRCLASS = {03B40 (68N18)},
  MRNUMBER = {1948178},
       DOI = {10.1007/3-540-44716-4_24},
       URL = {https://doi-org.colorado.idm.oclc.org/10.1007/3-540-44716-4_24},
}
@article {MR1682067,
    AUTHOR = {Kamareddine, Fairouz and Bloo, Roel and Nederpelt, Rob},
     TITLE = {On {$\Pi$}-conversion in the {$\lambda$}-cube and the
              combination with abbreviations},
   JOURNAL = {Ann. Pure Appl. Logic},
  FJOURNAL = {Annals of Pure and Applied Logic},
    VOLUME = {97},
      YEAR = {1999},
    NUMBER = {1-3},
     PAGES = {27--45},
      ISSN = {0168-0072},
   MRCLASS = {03B40},
  MRNUMBER = {1682067},
MRREVIEWER = {J. P. Seldin},
       DOI = {10.1016/S0168-0072(98)00019-0},
       URL = {https://doi-org.colorado.idm.oclc.org/10.1016/S0168-0072(98)00019-0},
}
@article {MR1661953,
    AUTHOR = {Bijlsma, Lex and Nederpelt, Rob},
     TITLE = {Dijkstra-{S}cholten predicate calculus: concepts and
              misconceptions},
   JOURNAL = {Acta Inform.},
  FJOURNAL = {Acta Informatica},
    VOLUME = {35},
      YEAR = {1998},
    NUMBER = {12},
     PAGES = {1007--1036},
      ISSN = {0001-5903},
   MRCLASS = {68Q55 (03B70 68Q60)},
  MRNUMBER = {1661953},
MRREVIEWER = {Annabelle McIver},
       DOI = {10.1007/s002360050150},
       URL = {https://doi-org.colorado.idm.oclc.org/10.1007/s002360050150},
}
@article {MR1416736,
    AUTHOR = {Laan, Twan and Nederpelt, Rob},
     TITLE = {A modern elaboration of the ramified theory of types},
   JOURNAL = {Studia Logica},
  FJOURNAL = {Studia Logica. An International Journal for Symbolic Logic},
    VOLUME = {57},
      YEAR = {1996},
    NUMBER = {2-3},
     PAGES = {243--278},
      ISSN = {0039-3215},
   MRCLASS = {03B15 (03B40)},
  MRNUMBER = {1416736},
MRREVIEWER = {Mariangiola Dezani-Ciancaglini},
       DOI = {10.1007/BF00370835},
       URL = {https://doi-org.colorado.idm.oclc.org/10.1007/BF00370835},
}
@article {MR1410011,
    AUTHOR = {Kamareddine, Fairouz and Nederpelt, Rob},
     TITLE = {Canonical typing and {$\Pi$}-conversion in the {B}arendregt
              cube},
   JOURNAL = {J. Funct. Programming},
  FJOURNAL = {Journal of Functional Programming},
    VOLUME = {6},
      YEAR = {1996},
    NUMBER = {2},
     PAGES = {245--267},
      ISSN = {0956-7968},
   MRCLASS = {03B40 (03B15 03B70 68Q55)},
  MRNUMBER = {1410011},
MRREVIEWER = {Mariangiola Dezani-Ciancaglini},
       DOI = {10.1017/S0956796800001672},
       URL = {https://doi-org.colorado.idm.oclc.org/10.1017/S0956796800001672},
}
@article {MR1391108,
    AUTHOR = {Bloo, Roel and Kamareddine, Fairouz and Nederpelt, Rob},
     TITLE = {The {B}arendregt cube with definitions and generalised
              reduction},
   JOURNAL = {Inform. and Comput.},
  FJOURNAL = {Information and Computation},
    VOLUME = {126},
      YEAR = {1996},
    NUMBER = {2},
     PAGES = {123--143},
      ISSN = {0890-5401},
   MRCLASS = {03B40 (03B15 03B70 68Q55)},
  MRNUMBER = {1391108},
MRREVIEWER = {Mariangiola Dezani-Ciancaglini},
       DOI = {10.1006/inco.1996.0041},
       URL = {https://doi-org.colorado.idm.oclc.org/10.1006/inco.1996.0041},
}
@article {MR1379067,
    AUTHOR = {Kamareddine, Fairouz and Nederpelt, Rob},
     TITLE = {A useful {$\lambda$}-notation},
   JOURNAL = {Theoret. Comput. Sci.},
  FJOURNAL = {Theoretical Computer Science},
    VOLUME = {155},
      YEAR = {1996},
    NUMBER = {1},
     PAGES = {85--109},
      ISSN = {0304-3975},
   MRCLASS = {03B40 (03B15 03B70 68Q55)},
  MRNUMBER = {1379067},
MRREVIEWER = {Mariangiola Dezani-Ciancaglini},
       DOI = {10.1016/0304-3975(95)00101-8},
       URL = {https://doi-org.colorado.idm.oclc.org/10.1016/0304-3975(95)00101-8},
}
@article {MR1379927,
    AUTHOR = {Kamareddine, Fairouz and Nederpelt, Rob},
     TITLE = {Refining reduction in the lambda calculus},
   JOURNAL = {J. Funct. Programming},
  FJOURNAL = {Journal of Functional Programming},
    VOLUME = {5},
      YEAR = {1995},
    NUMBER = {4},
     PAGES = {637--651},
      ISSN = {0956-7968},
   MRCLASS = {68Q55},
  MRNUMBER = {1379927},
       DOI = {10.1017/S0956796800001507},
       URL = {https://doi-org.colorado.idm.oclc.org/10.1017/S0956796800001507},
}
@incollection {MR1429415,
    AUTHOR = {Nederpelt, R. P.},
     TITLE = {Strong normalization in a typed lambda calculus with lambda
              structured types},
 BOOKTITLE = {Selected papers on {A}utomath},
    SERIES = {Stud. Logic Found. Math.},
    VOLUME = {133},
     PAGES = {389--468},
 PUBLISHER = {North-Holland, Amsterdam},
      YEAR = {1994},
   MRCLASS = {03B40},
  MRNUMBER = {1429415},
       DOI = {10.1016/S0049-237X(08)70217-9},
       URL = {https://doi-org.colorado.idm.oclc.org/10.1016/S0049-237X(08)70217-9},
}
@incollection {MR1429404,
    AUTHOR = {Nederpelt, R. P.},
     TITLE = {Type systems---basic ideas and applications},
 BOOKTITLE = {Selected papers on {A}utomath},
    SERIES = {Stud. Logic Found. Math.},
    VOLUME = {133},
     PAGES = {229--247},
 PUBLISHER = {North-Holland, Amsterdam},
      YEAR = {1994},
   MRCLASS = {03B35 (03B15 03B40 03B70)},
  MRNUMBER = {1429404},
       DOI = {10.1016/S0049-237X(08)70206-4},
       URL = {https://doi-org.colorado.idm.oclc.org/10.1016/S0049-237X(08)70206-4},
}
@incollection {MR1429396,
    AUTHOR = {Nederpelt, R. P. and Geuvers, J. H.},
     TITLE = {Twenty-five years of {A}utomath research},
 BOOKTITLE = {Selected papers on {A}utomath},
    SERIES = {Stud. Logic Found. Math.},
    VOLUME = {133},
     PAGES = {3--54},
 PUBLISHER = {North-Holland, Amsterdam},
      YEAR = {1994},
   MRCLASS = {03-02 (03B35 03B40)},
  MRNUMBER = {1429396},
       DOI = {10.1016/S0049-237X(08)70198-8},
       URL = {https://doi-org.colorado.idm.oclc.org/10.1016/S0049-237X(08)70198-8},
}
@article {MR1311057,
    AUTHOR = {Kamareddine, Fairouz and Nederpelt, Rob},
     TITLE = {A unified approach to type theory through a refined
              {$\lambda$}-calculus},
      NOTE = {Selected papers of the Meeting on the Mathematical Foundations
              of Programming Semantics (MFPS '92), Part II (Oxford, 1992)},
   JOURNAL = {Theoret. Comput. Sci.},
  FJOURNAL = {Theoretical Computer Science},
    VOLUME = {136},
      YEAR = {1994},
    NUMBER = {1},
     PAGES = {183--216},
      ISSN = {0304-3975},
   MRCLASS = {03B40 (03B15 03B70 68Q55)},
  MRNUMBER = {1311057},
MRREVIEWER = {Mariangiola Dezani-Ciancaglini},
       DOI = {10.1016/0304-3975(94)00127-5},
       URL = {https://doi-org.colorado.idm.oclc.org/10.1016/0304-3975(94)00127-5},
}
@article {MR1252529,
    AUTHOR = {Kamareddine, Fairouz and Nederpelt, Rob},
     TITLE = {On stepwise explicit substitution},
   JOURNAL = {Internat. J. Found. Comput. Sci.},
  FJOURNAL = {International Journal of Foundations of Computer Science},
    VOLUME = {4},
      YEAR = {1993},
    NUMBER = {3},
     PAGES = {197--240},
      ISSN = {0129-0541},
   MRCLASS = {03B40 (68Q55)},
  MRNUMBER = {1252529},
MRREVIEWER = {Alessandro Berarducci},
       DOI = {10.1142/S0129054193000146},
       URL = {https://doi-org.colorado.idm.oclc.org/10.1142/S0129054193000146},
}
@article {MR1187900,
    AUTHOR = {de Swart, H. C. M. and Nederpelt, R. P.},
     TITLE = {Implication: a survey of the different logical analyses of
              ``if {$\ldots$}, then {$\ldots$}''},
   JOURNAL = {Nieuw Arch. Wisk. (4)},
  FJOURNAL = {Nieuw Archief voor Wiskunde. Vierde Serie},
    VOLUME = {10},
      YEAR = {1992},
    NUMBER = {1-2},
     PAGES = {77--104},
      ISSN = {0028-9825},
   MRCLASS = {03B65 (03B10 03B40 03B45)},
  MRNUMBER = {1187900},
MRREVIEWER = {Daniel H. Cohen},
}
@article {MR837959,
    AUTHOR = {Nederpelt, R. P.},
     TITLE = {Bijections between formulae and trees which are compatible
              with equivalences of the type {$((f\circ g)\circ
              h)\sim((f\circ h)\circ g)$}},
   JOURNAL = {Discrete Math.},
  FJOURNAL = {Discrete Mathematics},
    VOLUME = {59},
      YEAR = {1986},
    NUMBER = {1-2},
     PAGES = {99--105},
      ISSN = {0012-365X},
   MRCLASS = {05C05 (68R10)},
  MRNUMBER = {837959},
MRREVIEWER = {R. E. Pippert},
       DOI = {10.1016/0012-365X(86)90073-7},
       URL = {https://doi-org.colorado.idm.oclc.org/10.1016/0012-365X(86)90073-7},
}
@article {MR700655,
    AUTHOR = {Nederpelt, R. P.},
     TITLE = {Signal words in the language of proofs},
   JOURNAL = {Nieuw Tijdschr. Wisk.},
  FJOURNAL = {Nieuw Tijdschrift voor Wiskunde},
    VOLUME = {70},
      YEAR = {1983},
    NUMBER = {4},
     PAGES = {152--169},
      ISSN = {0028-985x},
   MRCLASS = {00A25 (03A05 03F07)},
  MRNUMBER = {700655},
}
@article {MR699201,
    AUTHOR = {Nederpelt, R. P.},
     TITLE = {Sentences in the language of reasoning},
   JOURNAL = {Internat. J. Math. Ed. Sci. Tech.},
  FJOURNAL = {International Journal of Mathematical Education in Science and
              Technology},
    VOLUME = {14},
      YEAR = {1983},
    NUMBER = {2},
     PAGES = {225--232},
      ISSN = {0020-739X},
   MRCLASS = {03B65 (68F99)},
  MRNUMBER = {699201},
       DOI = {10.1080/0020739830140212},
       URL = {https://doi-org.colorado.idm.oclc.org/10.1080/0020739830140212},
}
@article {MR660402,
    AUTHOR = {Nederpelt, R. P.},
     TITLE = {Sentences in proofs},
   JOURNAL = {Nieuw Tijdschr. Wisk.},
  FJOURNAL = {Nieuw Tijdschrift voor Wiskunde},
    VOLUME = {69},
      YEAR = {1981/82},
    NUMBER = {5},
     PAGES = {191--208},
      ISSN = {0028-985X},
   MRCLASS = {00A25 (03Bxx 03F07)},
  MRNUMBER = {660402},
MRREVIEWER = {N. G. de Bruijn},
}
@article {MR0497976,
    AUTHOR = {Nederpelt, R. P.},
     TITLE = {Presentation of natural deduction},
      NOTE = {Set theory, foundations of mathematics (Proc. Sympos.,
              Belgrade, 1977)},
   JOURNAL = {Zb. Rad. Mat. Inst. Beograd (N.S.)},
    VOLUME = {2(10)},
      YEAR = {1977},
     PAGES = {115--126},
   MRCLASS = {02C20 (02B10)},
  MRNUMBER = {0497976},
}
@article {MR0297589,
    AUTHOR = {G\"{o}bel, F. and Nederpelt, R. P.},
     TITLE = {The number of numerical outcomes of iterated powers},
   JOURNAL = {Amer. Math. Monthly},
  FJOURNAL = {The American Mathematical Monthly},
    VOLUME = {78},
      YEAR = {1971},
     PAGES = {1097--1103},
      ISSN = {0002-9890},
   MRCLASS = {05A15},
  MRNUMBER = {0297589},
MRREVIEWER = {A. Mowshowitz},
       DOI = {10.2307/2316312},
       URL = {https://doi-org.colorado.idm.oclc.org/10.2307/2316312},
}







