
@incollection {MR3516243,
    AUTHOR = {Amin, Nada and Gr\"{u}tter, Samuel and Odersky, Martin and Rompf,
              Tiark and Stucki, Sandro},
     TITLE = {The essence of dependent object types},
 BOOKTITLE = {A list of successes that can change the world},
    SERIES = {Lecture Notes in Comput. Sci.},
    VOLUME = {9600},
     PAGES = {249--272},
 PUBLISHER = {Springer, [Cham]},
      YEAR = {2016},
   MRCLASS = {68N18},
  MRNUMBER = {3516243},
       DOI = {10.1007/978-3-319-30936-1_14},
       URL = {https://doi-org.colorado.idm.oclc.org/10.1007/978-3-319-30936-1_14},
}
		
@incollection {MR3515535,
    AUTHOR = {Prokopec, Aleksandar and Odersky, Martin},
     TITLE = {Conc-trees for functional and parallel programming},
 BOOKTITLE = {Languages and compilers for parallel computing},
    SERIES = {Lecture Notes in Comput. Sci.},
    VOLUME = {9519},
     PAGES = {254--268},
 PUBLISHER = {Springer, [Cham]},
      YEAR = {2016},
   MRCLASS = {68N18 (68N19 68P05 68Q25 68W10)},
  MRNUMBER = {3515535},
       DOI = {10.1007/978-3-319-29778-1_16},
       URL = {https://doi-org.colorado.idm.oclc.org/10.1007/978-3-319-29778-1_16},
}
		
@incollection {MR2870732,
    AUTHOR = {Odersky, M. and Moors, A.},
     TITLE = {Fighting bit rot with types (experience report: {S}cala
              collections)},
 BOOKTITLE = {Foundations of software technology and theoretical computer
              science---{FSTTCS} 2009},
    SERIES = {LIPIcs. Leibniz Int. Proc. Inform.},
    VOLUME = {4},
     PAGES = {427--451},
 PUBLISHER = {Schloss Dagstuhl. Leibniz-Zent. Inform., Wadern},
      YEAR = {2009},
   MRCLASS = {Expansion},
  MRNUMBER = {2870732},
}
		
@article {MR2488132,
    AUTHOR = {Haller, Philipp and Odersky, Martin},
     TITLE = {Scala actors: unifying thread-based and event-based
              programming},
   JOURNAL = {Theoret. Comput. Sci.},
  FJOURNAL = {Theoretical Computer Science},
    VOLUME = {410},
      YEAR = {2009},
    NUMBER = {2-3},
     PAGES = {202--220},
      ISSN = {0304-3975},
   MRCLASS = {68Q85},
  MRNUMBER = {2488132},
       DOI = {10.1016/j.tcs.2008.09.019},
       URL = {https://doi-org.colorado.idm.oclc.org/10.1016/j.tcs.2008.09.019},
}
		
@incollection {MR2298163,
    AUTHOR = {Cremet, Vincent and Garillot, Fran\c{c}ois and Lenglet, Sergue\"{\i}
              and Odersky, Martin},
     TITLE = {A core calculus for {S}cala type checking},
 BOOKTITLE = {Mathematical foundations of computer science 2006},
    SERIES = {Lecture Notes in Comput. Sci.},
    VOLUME = {4162},
     PAGES = {1--23},
 PUBLISHER = {Springer, Berlin},
      YEAR = {2006},
   MRCLASS = {68N15},
  MRNUMBER = {2298163},
       DOI = {10.1007/11821069_1},
       URL = {https://doi-org.colorado.idm.oclc.org/10.1007/11821069_1},
}
		
@incollection {MR2093636,
    AUTHOR = {Black, Andrew P. and Cremet, Vincent and Guerraoui, Rachid and
              Odersky, Martin},
     TITLE = {An equational theory for transactions},
 BOOKTITLE = {F{ST} {TCS} 2003: {F}oundations of software technology and
              theoretical computer science},
    SERIES = {Lecture Notes in Comput. Sci.},
    VOLUME = {2914},
     PAGES = {38--49},
 PUBLISHER = {Springer, Berlin},
      YEAR = {2003},
   MRCLASS = {68Q60 (68P15)},
  MRNUMBER = {2093636},
       DOI = {10.1007/978-3-540-24597-1_4},
       URL = {https://doi-org.colorado.idm.oclc.org/10.1007/978-3-540-24597-1_4},
}
		
@incollection {MR2080204,
    AUTHOR = {Odersky, Martin},
     TITLE = {An introduction to functional nets},
 BOOKTITLE = {Applied semantics},
    SERIES = {Lecture Notes in Comput. Sci.},
    VOLUME = {2395},
     PAGES = {333--377},
 PUBLISHER = {Springer, Berlin},
      YEAR = {2002},
   MRCLASS = {68N18 (68Q85)},
  MRNUMBER = {2080204},
       DOI = {10.1007/3-540-45699-6_7},
       URL = {https://doi-org.colorado.idm.oclc.org/10.1007/3-540-45699-6_7},
}
		
@article {MR1716747,
    AUTHOR = {Maraist, J. and Odersky, M. and Turner, D. N. and Wadler, P.},
     TITLE = {Call-by-name, call-by-value, call-by-need and the linear
              lambda calculus},
      NOTE = {Mathematical foundations of programming semantics (New
              Orleans, LA, 1995)},
   JOURNAL = {Theoret. Comput. Sci.},
  FJOURNAL = {Theoretical Computer Science},
    VOLUME = {228},
      YEAR = {1999},
    NUMBER = {1-2},
     PAGES = {175--210},
      ISSN = {0304-3975},
   MRCLASS = {68N18 (03B40 03F52)},
  MRNUMBER = {1716747},
       DOI = {10.1016/S0304-3975(98)00358-2},
       URL = {https://doi-org.colorado.idm.oclc.org/10.1016/S0304-3975(98)00358-2},
}
		
@article {MR1652623,
    AUTHOR = {Maraist, John and Odersky, Martin and Wadler, Philip},
     TITLE = {The call-by-need lambda calculus},
   JOURNAL = {J. Funct. Programming},
  FJOURNAL = {Journal of Functional Programming},
    VOLUME = {8},
      YEAR = {1998},
    NUMBER = {3},
     PAGES = {275--317},
      ISSN = {0956-7968},
   MRCLASS = {68N18 (03B40)},
  MRNUMBER = {1652623},
MRREVIEWER = {Luca Roversi},
       DOI = {10.1017/S0956796898003037},
       URL = {https://doi-org.colorado.idm.oclc.org/10.1017/S0956796898003037},
}
		
@article {MR1436702,
    AUTHOR = {Marriott, Kim and Odersky, Martin},
     TITLE = {A confluent calculus for concurrent constraint programming},
      NOTE = {Principles and practice of constraint programming},
   JOURNAL = {Theoret. Comput. Sci.},
  FJOURNAL = {Theoretical Computer Science},
    VOLUME = {173},
      YEAR = {1997},
    NUMBER = {1},
     PAGES = {209--233},
      ISSN = {0304-3975},
   MRCLASS = {68Q55 (68N17 68Q60 68T20)},
  MRNUMBER = {1436702},
       DOI = {10.1016/S0304-3975(96)00196-X},
       URL = {https://doi-org.colorado.idm.oclc.org/10.1016/S0304-3975(96)00196-X},
}
		
@article {MR1392471,
    AUTHOR = {Marriott, Kim and Odersky, Martin},
     TITLE = {Negative {B}oolean constraints},
   JOURNAL = {Theoret. Comput. Sci.},
  FJOURNAL = {Theoretical Computer Science},
    VOLUME = {160},
      YEAR = {1996},
    NUMBER = {1-2},
     PAGES = {365--380},
      ISSN = {0304-3975},
   MRCLASS = {03G05 (03D15 06E99 68N17 68Q25)},
  MRNUMBER = {1392471},
       DOI = {10.1016/0304-3975(95)00209-X},
       URL = {https://doi-org.colorado.idm.oclc.org/10.1016/0304-3975(95)00209-X},
}
		
@incollection {MR1486857,
    AUTHOR = {Maraist, John and Odersky, Martin and Turner, David N. and
              Wadler, Philip},
     TITLE = {Call-by-name, call-by-value, call-by-need, and the linear
              lambda calculus},
 BOOKTITLE = {Mathematical foundations of programming semantics ({N}ew
              {O}rleans, {LA}, 1995)},
    SERIES = {Electron. Notes Theor. Comput. Sci.},
    VOLUME = {1},
     PAGES = {23},
 PUBLISHER = {Elsevier Sci. B. V., Amsterdam},
      YEAR = {1995},
   MRCLASS = {03B40 (03B70 03F50 68N15)},
  MRNUMBER = {1486857},
}
		
@incollection {MR1475718,
    AUTHOR = {Marriott, Kim and Odersky, Martin},
     TITLE = {A confluent calculus for concurrent constraint programming
              with guarded choice},
 BOOKTITLE = {Principles and practice of constraint programming---{CP} '95
              ({C}assis, 1995)},
    SERIES = {Lecture Notes in Comput. Sci.},
    VOLUME = {976},
     PAGES = {310--327},
 PUBLISHER = {Springer, Berlin},
      YEAR = {1995},
   MRCLASS = {68T20 (68Q10)},
  MRNUMBER = {1475718},
       DOI = {10.1007/3-540-60299-2_19},
       URL = {https://doi-org.colorado.idm.oclc.org/10.1007/3-540-60299-2_19},
}
		
@incollection {MR1458086,
    AUTHOR = {Odersky, Martin},
     TITLE = {Polarized name passing},
 BOOKTITLE = {Foundations of software technology and theoretical computer
              science ({B}angalore, 1995)},
    SERIES = {Lecture Notes in Comput. Sci.},
    VOLUME = {1026},
     PAGES = {324--337},
 PUBLISHER = {Springer, Berlin},
      YEAR = {1995},
   MRCLASS = {68Q10 (03B40 03B70 68Q55 68Q60)},
  MRNUMBER = {1458086},
       DOI = {10.1007/3-540-60692-0_58},
       URL = {https://doi-org.colorado.idm.oclc.org/10.1007/3-540-60692-0_58},
}
		
@article {MR1356503,
    AUTHOR = {Helm, Richard and Marriott, Kim and Odersky, Martin},
     TITLE = {Spatial query optimization: from {B}oolean constraints to
              range queries},
      NOTE = {10th ACM SIGACT-SIGMOD-SIGART Symposium on Principles of
              Database Systems (Denver, CO, 1991)},
   JOURNAL = {J. Comput. System Sci.},
  FJOURNAL = {Journal of Computer and System Sciences},
    VOLUME = {51},
      YEAR = {1995},
    NUMBER = {2},
     PAGES = {197--210},
      ISSN = {0022-0000},
   MRCLASS = {68P15 (68P20)},
  MRNUMBER = {1356503},
       DOI = {10.1006/jcss.1995.1061},
       URL = {https://doi-org.colorado.idm.oclc.org/10.1006/jcss.1995.1061},
}
		
@incollection {MR1296682,
    AUTHOR = {Chen, Kung and Odersky, Martin},
     TITLE = {A type system for a lambda calculus with assignments},
 BOOKTITLE = {Theoretical aspects of computer software ({S}endai, 1994)},
    SERIES = {Lecture Notes in Comput. Sci.},
    VOLUME = {789},
     PAGES = {347--364},
 PUBLISHER = {Springer, Berlin},
      YEAR = {1994},
   MRCLASS = {68Q55 (03B40)},
  MRNUMBER = {1296682},
       DOI = {10.1007/3-540-57887-0_103},
       URL = {https://doi-org.colorado.idm.oclc.org/10.1007/3-540-57887-0_103},
}
	