@article {MR3812352,
    AUTHOR = {Ianovski, Egor and Ong, Luke},
     TITLE = {Simulating cardinal preferences in {B}oolean games: a proof
              technique},
   JOURNAL = {Inform. and Comput.},
  FJOURNAL = {Information and Computation},
    VOLUME = {261},
      YEAR = {2018},
    NUMBER = {part 3},
     PAGES = {488--518},
      ISSN = {0890-5401},
   MRCLASS = {91A44 (68Q17)},
  MRNUMBER = {3812352},
       DOI = {10.1016/j.ic.2017.09.008},
       URL = {https://doi-org.colorado.idm.oclc.org/10.1016/j.ic.2017.09.008},
}
		
@article {MR3807766,
    AUTHOR = {Ianovski, Egor and Ong, Luke},
     TITLE = {The complexity of decision problems about equilibria in
              two-player {B}oolean games},
   JOURNAL = {Artificial Intelligence},
  FJOURNAL = {Artificial Intelligence},
    VOLUME = {261},
      YEAR = {2018},
     PAGES = {1--15},
      ISSN = {0004-3702},
   MRCLASS = {91A44 (03B05 68Q17 68T42)},
  MRNUMBER = {3807766},
       DOI = {10.1016/j.artint.2018.04.006},
       URL = {https://doi-org.colorado.idm.oclc.org/10.1016/j.artint.2018.04.006},
}
		
@incollection {MR3776919,
    AUTHOR = {Tsukada, Takeshi and Asada, Kazuyuki and Ong, C.-H. Luke},
     TITLE = {Generalised species of rigid resource terms},
 BOOKTITLE = {2017 32nd {A}nnual {ACM}/{IEEE} {S}ymposium on {L}ogic in
              {C}omputer {S}cience ({LICS})},
     PAGES = {12},
 PUBLISHER = {IEEE, [Piscataway], NJ},
      YEAR = {2017},
   MRCLASS = {03F52 (03B40 68N18)},
  MRNUMBER = {3776919},
}
		
@incollection {MR3776890,
    AUTHOR = {Ong, C.-H. Luke},
     TITLE = {Quantitative semantics of the lambda calculus: some
              generalisations of the relational model},
 BOOKTITLE = {2017 32nd {A}nnual {ACM}/{IEEE} {S}ymposium on {L}ogic in
              {C}omputer {S}cience ({LICS})},
     PAGES = {12},
 PUBLISHER = {IEEE, [Piscataway], NJ},
      YEAR = {2017},
   MRCLASS = {68N18 (03B40 68Q55)},
  MRNUMBER = {3776890},
}
		
@article {MR3689379,
    AUTHOR = {Hague, Matthew and Murawski, Andrzej S. and Ong, C.-H. Luke
              and Serre, Olivier},
     TITLE = {Collapsible pushdown automata and recursion schemes},
   JOURNAL = {ACM Trans. Comput. Log.},
  FJOURNAL = {ACM Transactions on Computational Logic},
    VOLUME = {18},
      YEAR = {2017},
    NUMBER = {3},
     PAGES = {Art. 25, 42},
      ISSN = {1529-3785},
   MRCLASS = {68Q45 (68N18 68Q42)},
  MRNUMBER = {3689379},
       DOI = {10.1145/3091122},
       URL = {https://doi-org.colorado.idm.oclc.org/10.1145/3091122},
}
		
@inproceedings {MR3776743,
    AUTHOR = {Tsukada, Takeshi and Ong, C.-H. Luke},
     TITLE = {Plays as resource terms via non-idempotent intersection types},
 BOOKTITLE = {Proceedings of the 31st {A}nnual {ACM}-{IEEE} {S}ymposium on
              {L}ogic in {C}omputer {S}cience ({LICS} 2016)},
     PAGES = {10},
 PUBLISHER = {ACM, New York},
      YEAR = {2016},
   MRCLASS = {68Q55},
  MRNUMBER = {3776743},
}
		
@incollection {MR3516277,
    AUTHOR = {D'Osualdo, Emanuele and Ong, C.-H. Luke},
     TITLE = {On hierarchical communication topologies in the
              {$\pi$}-calculus},
 BOOKTITLE = {Programming languages and systems},
    SERIES = {Lecture Notes in Comput. Sci.},
    VOLUME = {9632},
     PAGES = {149--175},
 PUBLISHER = {Springer, Berlin},
      YEAR = {2016},
   MRCLASS = {68Q85},
  MRNUMBER = {3516277},
       DOI = {10.1007/978-3-662-49498-1_7},
       URL = {https://doi-org.colorado.idm.oclc.org/10.1007/978-3-662-49498-1_7},
}
		
@incollection {MR3538443,
    AUTHOR = {Tsukada, Takeshi and Ong, C.-H. Luke},
     TITLE = {Nondeterminism in game semantics via sheaves},
 BOOKTITLE = {2015 30th {A}nnual {ACM}/{IEEE} {S}ymposium on {L}ogic in
              {C}omputer {S}cience ({LICS} 2015)},
     PAGES = {220--231},
 PUBLISHER = {IEEE Computer Soc., Los Alamitos, CA},
      YEAR = {2015},
   MRCLASS = {68Q55},
  MRNUMBER = {3538443},
}
		
@incollection {MR3538422,
    AUTHOR = {Ong, Luke},
     TITLE = {Higher-order model checking: an overview},
 BOOKTITLE = {2015 30th {A}nnual {ACM}/{IEEE} {S}ymposium on {L}ogic in
              {C}omputer {S}cience ({LICS} 2015)},
     PAGES = {1--15},
 PUBLISHER = {IEEE Computer Soc., Los Alamitos, CA},
      YEAR = {2015},
   MRCLASS = {68Q60 (68N18)},
  MRNUMBER = {3538422},
}
		
@article {MR3406233,
    AUTHOR = {Ong, Luke and de Queiroz, Ruy J. G. B.},
     TITLE = {Logic, language, information and computation ({W}o{LLIC} 2012)
              [{P}reface]},
      NOTE = {Held at the University of Buenos Aires, Buenos Aires,
              September 3--6, 2012},
   JOURNAL = {Theoret. Comput. Sci.},
  FJOURNAL = {Theoretical Computer Science},
    VOLUME = {603},
      YEAR = {2015},
     PAGES = {1--2},
      ISSN = {0304-3975},
   MRCLASS = {68-06 (03-06)},
  MRNUMBER = {3406233},
       DOI = {10.1016/j.tcs.2015.07.011},
       URL = {https://doi-org.colorado.idm.oclc.org/10.1016/j.tcs.2015.07.011},
}
		
@incollection {MR3354246,
    AUTHOR = {Cotton-Barratt, Conrad and Hopkins, David and Murawski,
              Andrzej S. and Ong, C.-H. Luke},
     TITLE = {Fragments of {ML} decidable by nested data class memory
              automata},
 BOOKTITLE = {Foundations of software science and computation structures},
    SERIES = {Lecture Notes in Comput. Sci.},
    VOLUME = {9034},
     PAGES = {249--263},
 PUBLISHER = {Springer, Heidelberg},
      YEAR = {2015},
   MRCLASS = {68N18 (68Q55)},
  MRNUMBER = {3354246},
       DOI = {10.1007/978-3-662-46678-0_16},
       URL = {https://doi-org.colorado.idm.oclc.org/10.1007/978-3-662-46678-0_16},
}
		
@incollection {MR3344802,
    AUTHOR = {Cotton-Barratt, Conrad and Murawski, Andrzej S. and Ong, C.-H.
              Luke},
     TITLE = {Weak and nested class memory automata},
 BOOKTITLE = {Language and automata theory and applications},
    SERIES = {Lecture Notes in Comput. Sci.},
    VOLUME = {8977},
     PAGES = {188--199},
 PUBLISHER = {Springer, Cham},
      YEAR = {2015},
   MRCLASS = {68Q45},
  MRNUMBER = {3344802},
       DOI = {10.1007/978-3-319-15579-1_14},
       URL = {https://doi-org.colorado.idm.oclc.org/10.1007/978-3-319-15579-1_14},
}
		
@inproceedings {MR3397699,
    AUTHOR = {Tsukada, Takeshi and Ong, C.-H. Luke},
     TITLE = {Compositional higher-order model checking via
              {$\omega$}-regular games over {B}\"{o}hm trees},
 BOOKTITLE = {Proceedings of the {J}oint {M}eeting of the {T}wenty-{T}hird
              {EACSL} {A}nnual {C}onference on {C}omputer {S}cience {L}ogic
              ({CSL}) and the {T}wenty-{N}inth {A}nnual {ACM}/{IEEE}
              {S}ymposium on {L}ogic in {C}omputer {S}cience ({LICS})},
     PAGES = {Article No. 78, 10},
 PUBLISHER = {ACM, New York},
      YEAR = {2014},
   MRCLASS = {68Q60 (68Q45)},
  MRNUMBER = {3397699},
}
		
@incollection {MR3121463,
    AUTHOR = {Kochems, Jonathan and Ong, C.-H. Luke},
     TITLE = {Safety verification of asynchronous pushdown systems with
              shaped stacks},
 BOOKTITLE = {C{ONCUR} 2013---concurrency theory},
    SERIES = {Lecture Notes in Comput. Sci.},
    VOLUME = {8052},
     PAGES = {288--302},
 PUBLISHER = {Springer, Heidelberg},
      YEAR = {2013},
   MRCLASS = {Expansion},
  MRNUMBER = {3121463},
       DOI = {10.1007/978-3-642-40184-8_21},
       URL = {https://doi-org.colorado.idm.oclc.org/10.1007/978-3-642-40184-8_21},
}
		
@incollection {MR3107063,
    AUTHOR = {D'Osualdo, Emanuele and Kochems, Jonathan and Ong, C.-H. Luke},
     TITLE = {Automatic verification of {E}rlang-style concurrency},
 BOOKTITLE = {Static analysis},
    SERIES = {Lecture Notes in Comput. Sci.},
    VOLUME = {7935},
     PAGES = {454--476},
 PUBLISHER = {Springer, Heidelberg},
      YEAR = {2013},
   MRCLASS = {Expansion},
  MRNUMBER = {3107063},
       DOI = {10.1007/978-3-642-38856-9_24},
       URL = {https://doi-org.colorado.idm.oclc.org/10.1007/978-3-642-38856-9_24},
}
		
@incollection {MR3090303,
    AUTHOR = {Ong, Luke},
     TITLE = {Recursion schemes, collapsible pushdown automata and
              higher-order model checking},
 BOOKTITLE = {Language and automata theory and applications},
    SERIES = {Lecture Notes in Comput. Sci.},
    VOLUME = {7810},
     PAGES = {13--41},
 PUBLISHER = {Springer, Heidelberg},
      YEAR = {2013},
   MRCLASS = {68Q60 (68Q45)},
  MRNUMBER = {3090303},
       DOI = {10.1007/978-3-642-37064-9_3},
       URL = {https://doi-org.colorado.idm.oclc.org/10.1007/978-3-642-37064-9_3},
}
		
@incollection {MR2995616,
    AUTHOR = {Ong, C.-H. Luke and Tsukada, Takeshi},
     TITLE = {Two-level game semantics, intersection types, and recursion
              schemes},
 BOOKTITLE = {Automata, languages, and programming. {P}art {II}},
    SERIES = {Lecture Notes in Comput. Sci.},
    VOLUME = {7392},
     PAGES = {325--336},
 PUBLISHER = {Springer, Heidelberg},
      YEAR = {2012},
   MRCLASS = {03B40 (68N18 68Q60)},
  MRNUMBER = {2995616},
       DOI = {10.1007/978-3-642-31585-5_31},
       URL = {https://doi-org.colorado.idm.oclc.org/10.1007/978-3-642-31585-5_31},
}
		
@article {MR3164808,
    AUTHOR = {Kobayashi, Naoki and Ong, C.-H. Luke},
     TITLE = {Complexity of model checking recursion schemes for fragments
              of the modal mu-calculus [reprint of MR2875618]},
   JOURNAL = {Log. Methods Comput. Sci.},
  FJOURNAL = {Logical Methods in Computer Science},
      YEAR = {2011/13},
    NUMBER = {Selected papers of the International Colloquium on Automata,
              Languages and Programming 2009},
     PAGES = {24},
      ISSN = {1860-5974},
   MRCLASS = {68Q60 (03B45 68Q17)},
  MRNUMBER = {3164808},
}
		
@article {MR2875618,
    AUTHOR = {Kobayashi, Naoki and Ong, C.-H. Luke},
     TITLE = {Complexity of model checking recursion schemes for fragments
              of the modal mu-calculus},
   JOURNAL = {Log. Methods Comput. Sci.},
  FJOURNAL = {Logical Methods in Computer Science},
    VOLUME = {7},
      YEAR = {2011},
    NUMBER = {4},
     PAGES = {4:09, 23},
      ISSN = {1860-5974},
   MRCLASS = {68Q60 (03B45 68Q17)},
  MRNUMBER = {2875618},
MRREVIEWER = {Giacomo Lenzi},
       DOI = {10.1007/978-3-642-02930-1_19},
       URL = {https://doi-org.colorado.idm.oclc.org/10.1007/978-3-642-02930-1_19},
}
		
@incollection {MR2862809,
    AUTHOR = {Kochems, Jonathan and Ong, Luke},
     TITLE = {Improved functional flow and reachability analyses using
              indexed linear tree grammars},
 BOOKTITLE = {22nd {I}nternational {C}onference on {R}ewriting {T}echniques
              and {A}pplications},
    SERIES = {LIPIcs. Leibniz Int. Proc. Inform.},
    VOLUME = {10},
     PAGES = {187--202},
 PUBLISHER = {Schloss Dagstuhl. Leibniz-Zent. Inform., Wadern},
      YEAR = {2011},
   MRCLASS = {68Q42},
  MRNUMBER = {2862809},
}
		
@incollection {MR2852422,
    AUTHOR = {Hopkins, David and Murawski, Andrzej S. and Ong, C.-H. Luke},
     TITLE = {A fragment of {ML} decidable by visibly pushdown automata},
 BOOKTITLE = {Automata, languages and programming. {P}art {II}},
    SERIES = {Lecture Notes in Comput. Sci.},
    VOLUME = {6756},
     PAGES = {149--161},
 PUBLISHER = {Springer, Heidelberg},
      YEAR = {2011},
   MRCLASS = {68N18 (68Q55)},
  MRNUMBER = {2852422},
       DOI = {10.1007/978-3-642-22012-8_11},
       URL = {https://doi-org.colorado.idm.oclc.org/10.1007/978-3-642-22012-8_11},
}
		
@article {MR2790950,
    AUTHOR = {Hague, M. and Ong, C.-H. L.},
     TITLE = {A saturation method for the modal {$\mu$}-calculus over
              pushdown systems},
   JOURNAL = {Inform. and Comput.},
  FJOURNAL = {Information and Computation},
    VOLUME = {209},
      YEAR = {2011},
    NUMBER = {5},
     PAGES = {799--821},
      ISSN = {0890-5401},
   MRCLASS = {68Q60 (03B44 03D05)},
  MRNUMBER = {2790950},
MRREVIEWER = {Robert P. Kurshan},
       DOI = {10.1016/j.ic.2010.12.004},
       URL = {https://doi-org.colorado.idm.oclc.org/10.1016/j.ic.2010.12.004},
}
		
@incollection {MR2953901,
    AUTHOR = {Broadbent, Christopher H. and Carayol, Arnaud and Ong, C.-H.
              Luke and Serre, Olivier},
     TITLE = {Recursion schemes and logical reflection},
 BOOKTITLE = {25th {A}nnual {IEEE} {S}ymposium on {L}ogic in {C}omputer
              {S}cience {LICS} 2010},
     PAGES = {120--129},
 PUBLISHER = {IEEE Computer Soc., Los Alamitos, CA},
      YEAR = {2010},
   MRCLASS = {68Q60 (03B15 03B25 03D05)},
  MRNUMBER = {2953901},
}
		
@incollection {MR2932393,
    AUTHOR = {Ong, C.-H. L. and Tzevelekos, N.},
     TITLE = {Functional reachability},
 BOOKTITLE = {24th {A}nnual {IEEE} {S}ymposium on {L}ogic in {C}omputer
              {S}cience},
     PAGES = {286--295},
 PUBLISHER = {IEEE Computer Soc., Los Alamitos, CA},
      YEAR = {2009},
   MRCLASS = {68N18 (68Q45)},
  MRNUMBER = {2932393},
       DOI = {10.1109/LICS.2009.48},
       URL = {https://doi-org.colorado.idm.oclc.org/10.1109/LICS.2009.48},
}
		
@incollection {MR2932382,
    AUTHOR = {Kobayashi, Naoki and Ong, C.-H. Luke},
     TITLE = {A type system equivalent to the modal mu-calculus model
              checking of higher-order recursion schemes},
 BOOKTITLE = {24th {A}nnual {IEEE} {S}ymposium on {L}ogic in {C}omputer
              {S}cience},
     PAGES = {179--188},
 PUBLISHER = {IEEE Computer Soc., Los Alamitos, CA},
      YEAR = {2009},
   MRCLASS = {68Q60 (03B45)},
  MRNUMBER = {2932382},
       DOI = {10.1109/LICS.2009.29},
       URL = {https://doi-org.colorado.idm.oclc.org/10.1109/LICS.2009.29},
}
		
@article {MR2771225,
    AUTHOR = {Blum, William and Ong, C.-H. Luke},
     TITLE = {The safe lambda calculus [reprint of MR2480232]},
   JOURNAL = {Log. Methods Comput. Sci.},
  FJOURNAL = {Logical Methods in Computer Science},
      YEAR = {2009},
    NUMBER = {Special issue: Selected papers of the conference ``Typed
              Lambda Calculi and Applications 2007''},
     PAGES = {1:3, 38},
      ISSN = {1860-5974},
   MRCLASS = {03B40 (68N18)},
  MRNUMBER = {2771225},
}
		
@incollection {MR2556898,
    AUTHOR = {Hague, Matthew and Ong, C.-H. Luke},
     TITLE = {Winning regions of pushdown parity games: a saturation method},
 BOOKTITLE = {C{ONCUR} 2009---concurrency theory},
    SERIES = {Lecture Notes in Comput. Sci.},
    VOLUME = {5710},
     PAGES = {384--398},
 PUBLISHER = {Springer, Berlin},
      YEAR = {2009},
   MRCLASS = {68Q60 (03D05)},
  MRNUMBER = {2556898},
       DOI = {10.1007/978-3-642-04081-8_26},
       URL = {https://doi-org.colorado.idm.oclc.org/10.1007/978-3-642-04081-8_26},
}
		
@incollection {MR2545215,
    AUTHOR = {Broadbent, Christopher and Ong, Luke},
     TITLE = {On global model checking trees generated by higher-order
              recursion schemes},
 BOOKTITLE = {Foundations of software science and computational structures},
    SERIES = {Lecture Notes in Comput. Sci.},
    VOLUME = {5504},
     PAGES = {107--121},
 PUBLISHER = {Springer, Berlin},
      YEAR = {2009},
   MRCLASS = {68Q60},
  MRNUMBER = {2545215},
       DOI = {10.1007/978-3-642-00596-1_9},
       URL = {https://doi-org.colorado.idm.oclc.org/10.1007/978-3-642-00596-1_9},
}
		
@incollection {MR2544798,
    AUTHOR = {Kobayashi, Naoki and Ong, C.-H. Luke},
     TITLE = {Complexity of model checking recursion schemes for fragments
              of the modal mu-calculus},
 BOOKTITLE = {Automata, languages and programming. {P}art {II}},
    SERIES = {Lecture Notes in Comput. Sci.},
    VOLUME = {5556},
     PAGES = {223--234},
 PUBLISHER = {Springer, Berlin},
      YEAR = {2009},
   MRCLASS = {68Q60 (03B45 68Q17)},
  MRNUMBER = {2544798},
       DOI = {10.1007/978-3-642-02930-1_19},
       URL = {https://doi-org.colorado.idm.oclc.org/10.1007/978-3-642-02930-1_19},
}
		
@article {MR2480232,
    AUTHOR = {Blum, William and Ong, C.-H. Luke},
     TITLE = {The safe lambda calculus},
   JOURNAL = {Log. Methods Comput. Sci.},
  FJOURNAL = {Logical Methods in Computer Science},
    VOLUME = {5},
      YEAR = {2009},
    NUMBER = {1},
     PAGES = {1:3, 38},
      ISSN = {1860-5974},
   MRCLASS = {68Q42 (03B40 68N18)},
  MRNUMBER = {2480232},
MRREVIEWER = {Vladimir Komendantsky},
       DOI = {10.2168/LMCS-5(1:3)2009},
       URL = {https://doi-org.colorado.idm.oclc.org/10.2168/LMCS-5(1:3)2009},
}
		
@article {MR2779584,
    AUTHOR = {Gr\"{a}del, Erich and Ong, C.-H. Luke and Pitts, Andrew M.},
     TITLE = {Preface [{S}pecial issue: selected papers of the {C}onference
              ``{L}ogic in computer science 2007'']},
      NOTE = {Held in Wroc\l aw, July 10--14, 2007},
   JOURNAL = {Log. Methods Comput. Sci.},
  FJOURNAL = {Logical Methods in Computer Science},
      YEAR = {2008/09},
    NUMBER = {Special issue: Conference ``Logic in Computer Science 2007''},
     PAGES = {front matter},
      ISSN = {1860-5974},
   MRCLASS = {68-06},
  MRNUMBER = {2779584},
}
		
@article {MR2752931,
    AUTHOR = {Hague, Matthew and Ong, Luke},
     TITLE = {Symbolic backwards-reachability analysis for higher-order
              pushdown systems [reprint of MR2462034]},
   JOURNAL = {Log. Methods Comput. Sci.},
  FJOURNAL = {Logical Methods in Computer Science},
      YEAR = {2008/09},
    NUMBER = {Special issue: Conference ``Foundations of Software Science
              and Computation Structures 2007''},
     PAGES = {4:14, 45},
      ISSN = {1860-5974},
   MRCLASS = {68Q45 (03D05 68Q25 68Q60)},
  MRNUMBER = {2752931},
}
		
@article {MR2462034,
    AUTHOR = {Hague, Matthew and Ong, Luke},
     TITLE = {Symbolic backwards-reachability analysis for higher-order
              pushdown systems},
   JOURNAL = {Log. Methods Comput. Sci.},
  FJOURNAL = {Logical Methods in Computer Science},
    VOLUME = {4},
      YEAR = {2008},
    NUMBER = {4},
     PAGES = {4:14, 45},
      ISSN = {1860-5974},
   MRCLASS = {68Q45 (03D05 68Q25 68Q60)},
  MRNUMBER = {2462034},
MRREVIEWER = {Kamal Lodaya},
       DOI = {10.2168/LMCS-4(4:14)2008},
       URL = {https://doi-org.colorado.idm.oclc.org/10.2168/LMCS-4(4:14)2008},
}
		
@incollection {MR2539411,
    AUTHOR = {Ong, C.-H. L.},
     TITLE = {Hierarchies of infinite structures generated by pushdown
              automata and recursion schemes},
 BOOKTITLE = {Mathematical foundations of computer science 2007},
    SERIES = {Lecture Notes in Comput. Sci.},
    VOLUME = {4708},
     PAGES = {15--21},
 PUBLISHER = {Springer, Berlin},
      YEAR = {2007},
   MRCLASS = {68Q45 (03D05 68Q60)},
  MRNUMBER = {2539411},
       DOI = {10.1007/978-3-540-74456-6_4},
       URL = {https://doi-org.colorado.idm.oclc.org/10.1007/978-3-540-74456-6_4},
}
		
@incollection {MR2497847,
    AUTHOR = {Hague, Matthew and Ong, C.-H. Luke},
     TITLE = {Symbolic backwards-reachability analysis for higher-order
              pushdown systems},
 BOOKTITLE = {Foundations of software science and computational structures},
    SERIES = {Lecture Notes in Comput. Sci.},
    VOLUME = {4423},
     PAGES = {213--227},
 PUBLISHER = {Springer, Berlin},
      YEAR = {2007},
   MRCLASS = {68Q45 (68Q60)},
  MRNUMBER = {2497847},
       DOI = {10.1007/978-3-540-71389-0_16},
       URL = {https://doi-org.colorado.idm.oclc.org/10.1007/978-3-540-71389-0_16},
}
		
@incollection {MR2387207,
    AUTHOR = {Blum, William and Ong, C.-H. Luke},
     TITLE = {The safe lambda calculus},
 BOOKTITLE = {Typed lambda calculi and applications},
    SERIES = {Lecture Notes in Comput. Sci.},
    VOLUME = {4583},
     PAGES = {39--53},
 PUBLISHER = {Springer, Berlin},
      YEAR = {2007},
   MRCLASS = {03B40 (68N18)},
  MRNUMBER = {2387207},
       DOI = {10.1007/978-3-540-73228-0_5},
       URL = {https://doi-org.colorado.idm.oclc.org/10.1007/978-3-540-73228-0_5},
}
		
@incollection {MR2334413,
    AUTHOR = {Ong, C.-H. L.},
     TITLE = {Some results on a game-semantic approach to verifying
              finitely-presentable infinite structures (extended abstract)},
 BOOKTITLE = {Computer science logic},
    SERIES = {Lecture Notes in Comput. Sci.},
    VOLUME = {4207},
     PAGES = {31--40},
 PUBLISHER = {Springer, Berlin},
      YEAR = {2006},
   MRCLASS = {68Q60 (03D05)},
  MRNUMBER = {2334413},
       DOI = {10.1007/11874683_2},
       URL = {https://doi-org.colorado.idm.oclc.org/10.1007/11874683_2},
}
		
@article {MR2249557,
    AUTHOR = {Murawski, Andrzej S. and Ong, C.-H. Luke},
     TITLE = {Fast verification of {MLL} proof nets via {IMLL}},
   JOURNAL = {ACM Trans. Comput. Log.},
  FJOURNAL = {ACM Transactions on Computational Logic},
    VOLUME = {7},
      YEAR = {2006},
    NUMBER = {3},
     PAGES = {473--498},
      ISSN = {1529-3785},
   MRCLASS = {03F52 (68Q25)},
  MRNUMBER = {2249557},
MRREVIEWER = {Jan Paseka},
       DOI = {10.1145/1149114.1149116},
       URL = {https://doi-org.colorado.idm.oclc.org/10.1145/1149114.1149116},
}
		
@article {MR2197203,
    AUTHOR = {Ghica, D. R. and Murawski, A. S. and Ong, C.-H. L.},
     TITLE = {Syntactic control of concurrency},
   JOURNAL = {Theoret. Comput. Sci.},
  FJOURNAL = {Theoretical Computer Science},
    VOLUME = {350},
      YEAR = {2006},
    NUMBER = {2-3},
     PAGES = {234--251},
      ISSN = {0304-3975},
   MRCLASS = {68Q60 (68Q85)},
  MRNUMBER = {2197203},
       DOI = {10.1016/j.tcs.2005.10.032},
       URL = {https://doi-org.colorado.idm.oclc.org/10.1016/j.tcs.2005.10.032},
}
		
@incollection {MR2187957,
    AUTHOR = {Aehlig, Klaus and de Miranda, Jolie G. and Ong, C.-H. Luke},
     TITLE = {The monadic second order theory of trees given by arbitrary
              level-two recursion schemes is decidable},
 BOOKTITLE = {Typed lambda calculi and applications},
    SERIES = {Lecture Notes in Comput. Sci.},
    VOLUME = {3461},
     PAGES = {39--54},
 PUBLISHER = {Springer, Berlin},
      YEAR = {2005},
   MRCLASS = {03B25 (03B15 03D05 68Q45)},
  MRNUMBER = {2187957},
       DOI = {10.1007/11417170_5},
       URL = {https://doi-org.colorado.idm.oclc.org/10.1007/11417170_5},
}
		
@incollection {MR2184689,
    AUTHOR = {Murawski, A. S. and Ong, C.-H. L. and Walukiewicz, I.},
     TITLE = {Idealized {A}lgol with ground recursion, and {DPDA}
              equivalence},
 BOOKTITLE = {Automata, languages and programming},
    SERIES = {Lecture Notes in Comput. Sci.},
    VOLUME = {3580},
     PAGES = {917--929},
 PUBLISHER = {Springer, Berlin},
      YEAR = {2005},
   MRCLASS = {68Q60 (03B25 03D05 68N15 68Q45)},
  MRNUMBER = {2184689},
       DOI = {10.1007/11523468_74},
       URL = {https://doi-org.colorado.idm.oclc.org/10.1007/11523468_74},
}
		
@incollection {MR2179135,
    AUTHOR = {Aehlig, K. and de Miranda, J. G. and Ong, C.-H. L.},
     TITLE = {Safety is not a restriction at level 2 for string languages},
 BOOKTITLE = {Foundations of software science and computation structures},
    SERIES = {Lecture Notes in Comput. Sci.},
    VOLUME = {3441},
     PAGES = {490--504},
 PUBLISHER = {Springer, Berlin},
      YEAR = {2005},
   MRCLASS = {68Q45 (68Q42)},
  MRNUMBER = {2179135},
       DOI = {10.1007/978-3-540-31982-5_31},
       URL = {https://doi-org.colorado.idm.oclc.org/10.1007/978-3-540-31982-5_31},
}
		
@incollection {MR2160972,
    AUTHOR = {Ghica, D. R. and Murawski, A. S. and Ong, C.-H. L.},
     TITLE = {Syntactic control of concurrency},
 BOOKTITLE = {Automata, languages and programming},
    SERIES = {Lecture Notes in Comput. Sci.},
    VOLUME = {3142},
     PAGES = {683--694},
 PUBLISHER = {Springer, Berlin},
      YEAR = {2004},
   MRCLASS = {68Q85 (68Q55)},
  MRNUMBER = {2160972},
       DOI = {10.1007/978-3-540-27836-8_58},
       URL = {https://doi-org.colorado.idm.oclc.org/10.1007/978-3-540-27836-8_58},
}
		
@article {MR2092851,
    AUTHOR = {Ong, C.-H. L.},
     TITLE = {An approach to deciding the observational equivalence of
              {A}lgol-like languages},
   JOURNAL = {Ann. Pure Appl. Logic},
  FJOURNAL = {Annals of Pure and Applied Logic},
    VOLUME = {130},
      YEAR = {2004},
    NUMBER = {1-3},
     PAGES = {125--171},
      ISSN = {0168-0072},
   MRCLASS = {68N15 (18C50 68Q45 68Q60 91A99)},
  MRNUMBER = {2092851},
       DOI = {10.1016/j.apal.2003.12.006},
       URL = {https://doi-org.colorado.idm.oclc.org/10.1016/j.apal.2003.12.006},
}
		
@article {MR2075335,
    AUTHOR = {Murawski, A. S. and Ong, C.-H. L.},
     TITLE = {On an interpretation of safe recursion in light affine logic},
   JOURNAL = {Theoret. Comput. Sci.},
  FJOURNAL = {Theoretical Computer Science},
    VOLUME = {318},
      YEAR = {2004},
    NUMBER = {1-2},
     PAGES = {197--223},
      ISSN = {0304-3975},
   MRCLASS = {03F52 (03D15 03D20 68Q15)},
  MRNUMBER = {2075335},
MRREVIEWER = {Luca Roversi},
       DOI = {10.1016/j.tcs.2003.10.017},
       URL = {https://doi-org.colorado.idm.oclc.org/10.1016/j.tcs.2003.10.017},
}
		
@article {MR2045488,
    AUTHOR = {Ong, C.-H. L. and Di Gianantonio, P.},
     TITLE = {Games characterizing {L}evy-{L}ongo trees},
      NOTE = {Automata, languages and programming},
   JOURNAL = {Theoret. Comput. Sci.},
  FJOURNAL = {Theoretical Computer Science},
    VOLUME = {312},
      YEAR = {2004},
    NUMBER = {1},
     PAGES = {121--142},
      ISSN = {0304-3975},
   MRCLASS = {03B40 (91A40)},
  MRNUMBER = {2045488},
MRREVIEWER = {Roberto Giacobazzi},
       DOI = {10.1016/S0304-3975(03)00405-5},
       URL = {https://doi-org.colorado.idm.oclc.org/10.1016/S0304-3975(03)00405-5},
}
		
@article {MR2014582,
    AUTHOR = {Ker, Andrew D. and Nickau, Hanno and Ong, C.-H. Luke},
     TITLE = {Adapting innocent game models for the {B}\"{o}hm tree
              {$\lambda$}-theory},
   JOURNAL = {Theoret. Comput. Sci.},
  FJOURNAL = {Theoretical Computer Science},
    VOLUME = {308},
      YEAR = {2003},
    NUMBER = {1-3},
     PAGES = {333--366},
      ISSN = {0304-3975},
   MRCLASS = {03B40 (91A40)},
  MRNUMBER = {2014582},
MRREVIEWER = {Henk Barendregt},
       DOI = {10.1016/S0304-3975(02)00849-6},
       URL = {https://doi-org.colorado.idm.oclc.org/10.1016/S0304-3975(02)00849-6},
}
		
@article {MR1964783,
    AUTHOR = {Murawski, A. S. and Ong, C.-H. L.},
     TITLE = {Exhausting strategies, joker games and full completeness for
              {IMLL} with unit},
      NOTE = {Category theory and computer science},
   JOURNAL = {Theoret. Comput. Sci.},
  FJOURNAL = {Theoretical Computer Science},
    VOLUME = {294},
      YEAR = {2003},
    NUMBER = {1-2},
     PAGES = {269--305},
      ISSN = {0304-3975},
   MRCLASS = {03F52 (18C50 18D10)},
  MRNUMBER = {1964783},
MRREVIEWER = {Richard F. Blute},
       DOI = {10.1016/S0304-3975(01)00244-4},
       URL = {https://doi-org.colorado.idm.oclc.org/10.1016/S0304-3975(01)00244-4},
}
		
@incollection {MR2062481,
    AUTHOR = {Ong, C.-H. L. and Di Gianantonio, P.},
     TITLE = {Games characterizing {L}evy-{L}ongo trees},
 BOOKTITLE = {Automata, languages and programming},
    SERIES = {Lecture Notes in Comput. Sci.},
    VOLUME = {2380},
     PAGES = {476--487},
 PUBLISHER = {Springer, Berlin},
      YEAR = {2002},
   MRCLASS = {03B40 (68N18)},
  MRNUMBER = {2062481},
       DOI = {10.1007/3-540-45465-9_41},
       URL = {https://doi-org.colorado.idm.oclc.org/10.1007/3-540-45465-9_41},
}
		
@article {MR1870368,
    AUTHOR = {Ker, Andrew D. and Nickau, Hanno and Ong, C.-H. Luke},
     TITLE = {Innocent game models of untyped {$\lambda$}-calculus},
      NOTE = {Theories of types and proofs (Tokyo, 1997)},
   JOURNAL = {Theoret. Comput. Sci.},
  FJOURNAL = {Theoretical Computer Science},
    VOLUME = {272},
      YEAR = {2002},
    NUMBER = {1-2},
     PAGES = {247--292},
      ISSN = {0304-3975},
   MRCLASS = {03B40 (68N18 91A40)},
  MRNUMBER = {1870368},
MRREVIEWER = {Roberto Giacobazzi},
       DOI = {10.1016/S0304-3975(00)00353-4},
       URL = {https://doi-org.colorado.idm.oclc.org/10.1016/S0304-3975(00)00353-4},
}
		
@incollection {MR1890284,
    AUTHOR = {Murawski, Andrzej S. and Ong, C.-H. Luke},
     TITLE = {Evolving games and essential nets for affine polymorphism},
 BOOKTITLE = {Typed lambda calculi and applications ({K}rak\'{o}w, 2001)},
    SERIES = {Lecture Notes in Comput. Sci.},
    VOLUME = {2044},
     PAGES = {360--375},
 PUBLISHER = {Springer, Berlin},
      YEAR = {2001},
   MRCLASS = {03F52},
  MRNUMBER = {1890284},
       DOI = {10.1007/3-540-45413-6_28},
       URL = {https://doi-org.colorado.idm.oclc.org/10.1007/3-540-45413-6_28},
}
		
@incollection {MR1946096,
    AUTHOR = {Murawski, A. S. and Ong, C.-H. L.},
     TITLE = {Dominator trees and fast verification of proof nets},
 BOOKTITLE = {15th {A}nnual {IEEE} {S}ymposium on {L}ogic in {C}omputer
              {S}cience ({S}anta {B}arbara, {CA}, 2000)},
     PAGES = {181--191},
 PUBLISHER = {IEEE Comput. Soc. Press, Los Alamitos, CA},
      YEAR = {2000},
   MRCLASS = {03F52 (03D15 68Q25)},
  MRNUMBER = {1946096},
       DOI = {10.1109/LICS.2000.855768},
       URL = {https://doi-org.colorado.idm.oclc.org/10.1109/LICS.2000.855768},
}
		
@incollection {MR1859460,
    AUTHOR = {Murawski, A. S. and Ong, C.-H. L.},
     TITLE = {Discreet games, light affine logic and {PTIME} computation},
 BOOKTITLE = {Computer science logic ({F}ischbachau, 2000)},
    SERIES = {Lecture Notes in Comput. Sci.},
    VOLUME = {1862},
     PAGES = {427--441},
 PUBLISHER = {Springer, Berlin},
      YEAR = {2000},
   MRCLASS = {03F52 (68Q15)},
  MRNUMBER = {1859460},
       DOI = {10.1007/3-540-44622-2_29},
       URL = {https://doi-org.colorado.idm.oclc.org/10.1007/3-540-44622-2_29},
}
		
@article {MR1808886,
    AUTHOR = {Hyland, J. M. E. and Ong, C.-H. L.},
     TITLE = {On full abstraction for {PCF}: {I}, {II} and {III}},
   JOURNAL = {Inform. and Comput.},
  FJOURNAL = {Information and Computation},
    VOLUME = {163},
      YEAR = {2000},
    NUMBER = {2},
     PAGES = {285--408},
      ISSN = {0890-5401},
   MRCLASS = {68N18 (03B15 03D20 18D20 68Q05 91A05 91A40 91A80)},
  MRNUMBER = {1808886},
MRREVIEWER = {Roberto Giacobazzi},
       DOI = {10.1006/inco.2000.2917},
       URL = {https://doi-org.colorado.idm.oclc.org/10.1006/inco.2000.2917},
}
		
@incollection {MR1849958,
    AUTHOR = {Ker, Andrew D. and Nickau, Hanno and Ong, C.-H. Luke},
     TITLE = {A universal innocent game model for the {B}\"{o}hm tree lambda
              theory},
 BOOKTITLE = {Computer science logic ({M}adrid, 1999)},
    SERIES = {Lecture Notes in Comput. Sci.},
    VOLUME = {1683},
     PAGES = {405--419},
 PUBLISHER = {Springer, Berlin},
      YEAR = {1999},
   MRCLASS = {03B40 (68N18)},
  MRNUMBER = {1849958},
       DOI = {10.1007/3-540-48168-0_29},
       URL = {https://doi-org.colorado.idm.oclc.org/10.1007/3-540-48168-0_29},
}
		
@incollection {MR1782792,
    AUTHOR = {Murawski, A. S. and Ong, C.-H. L.},
     TITLE = {Exhausting strategies, joker games and full completeness for
              {IMLL} with unit (preliminary version)},
 BOOKTITLE = {C{TCS} '99: {C}onference on {C}ategory {T}heory and {C}omputer
              {S}cience ({E}dinburgh)},
    SERIES = {Electron. Notes Theor. Comput. Sci.},
    VOLUME = {29},
     PAGES = {Paper No. 29018, 31},
 PUBLISHER = {Elsevier Sci. B. V., Amsterdam},
      YEAR = {1999},
   MRCLASS = {03F52 (18D10)},
  MRNUMBER = {1782792},
}
		
@incollection {MR1782788,
    AUTHOR = {Koh, T. W. and Ong, C.-H. L.},
     TITLE = {Explicit substitution internal languages for autonomous and
              {$\ast$}-autonomous categories},
 BOOKTITLE = {C{TCS} '99: {C}onference on {C}ategory {T}heory and {C}omputer
              {S}cience ({E}dinburgh)},
    SERIES = {Electron. Notes Theor. Comput. Sci.},
    VOLUME = {29},
     PAGES = {Paper No. 29014, 30},
 PUBLISHER = {Elsevier Sci. B. V., Amsterdam},
      YEAR = {1999},
   MRCLASS = {03B15 (68N18)},
  MRNUMBER = {1782788},
}
		
@incollection {MR1461837,
    AUTHOR = {Ong, C.-H. L.},
     TITLE = {A semantic view of classical proofs: type-theoretic,
              categorical, and denotational characterizations (preliminary
              extended abstract)},
 BOOKTITLE = {11th {A}nnual {IEEE} {S}ymposium on {L}ogic in {C}omputer
              {S}cience ({N}ew {B}runswick, {NJ}, 1996)},
     PAGES = {230--241},
 PUBLISHER = {IEEE Comput. Soc. Press, Los Alamitos, CA},
      YEAR = {1996},
   MRCLASS = {03F03},
  MRNUMBER = {1461837},
       DOI = {10.1109/LICS.1996.561323},
       URL = {https://doi-org.colorado.idm.oclc.org/10.1109/LICS.1996.561323},
}
		
@incollection {MR1365756,
    AUTHOR = {Ong, C.-H. L.},
     TITLE = {Correspondence between operational and denotational semantics:
              the full abstraction problem for {PCF}},
 BOOKTITLE = {Handbook of logic in computer science, {V}ol. 4},
    SERIES = {Handb. Log. Comput. Sci.},
    VOLUME = {4},
     PAGES = {269--356},
 PUBLISHER = {Oxford Univ. Press, New York},
      YEAR = {1995},
   MRCLASS = {68Q55 (03B40 03B70 06B35 68-02)},
  MRNUMBER = {1365756},
MRREVIEWER = {Peter Bachmann},
       DOI = {10.1007/978-94-011-1156-0_8},
       URL = {https://doi-org.colorado.idm.oclc.org/10.1007/978-94-011-1156-0_8},
}
		
@incollection {MR1316910,
    AUTHOR = {Ong, C.-H. L. and Ritter, E.},
     TITLE = {A generic strong normalization argument: application to the
              calculus of constructions},
 BOOKTITLE = {Computer science logic ({S}wansea, 1993)},
    SERIES = {Lecture Notes in Comput. Sci.},
    VOLUME = {832},
     PAGES = {261--279},
 PUBLISHER = {Springer, Berlin},
      YEAR = {1994},
   MRCLASS = {03B15 (03B40 03G30 68Q55)},
  MRNUMBER = {1316910},
MRREVIEWER = {Bart Jacobs},
       DOI = {10.1007/BFb0049336},
       URL = {https://doi-org.colorado.idm.oclc.org/10.1007/BFb0049336},
}
		
@incollection {MR1233148,
    AUTHOR = {Hyland, J. M. E. and Ong, C.-H. L.},
     TITLE = {Modified realizability toposes and strong normalization proofs
              (extended abstract)},
 BOOKTITLE = {Typed lambda calculi and applications ({U}trecht, 1993)},
    SERIES = {Lecture Notes in Comput. Sci.},
    VOLUME = {664},
     PAGES = {179--194},
 PUBLISHER = {Springer, Berlin},
      YEAR = {1993},
   MRCLASS = {03B40 (03B70 03F05 03F55 03G30 68Q55)},
  MRNUMBER = {1233148},
       DOI = {10.1007/BFb0037106},
       URL = {https://doi-org.colorado.idm.oclc.org/10.1007/BFb0037106},
}
		
@article {MR1226344,
    AUTHOR = {Abramsky, Samson and Ong, C.-H. Luke},
     TITLE = {Full abstraction in the lazy lambda calculus},
   JOURNAL = {Inform. and Comput.},
  FJOURNAL = {Information and Computation},
    VOLUME = {105},
      YEAR = {1993},
    NUMBER = {2},
     PAGES = {159--267},
      ISSN = {0890-5401},
   MRCLASS = {68Q55 (03B40 68N15)},
  MRNUMBER = {1226344},
MRREVIEWER = {Chantal Berline},
       DOI = {10.1006/inco.1993.1044},
       URL = {https://doi-org.colorado.idm.oclc.org/10.1006/inco.1993.1044},
}
		