@article {MR3901955,
    AUTHOR = {Li, Wenda and Passmore, Grant Olney and Paulson, Lawrence C.},
     TITLE = {Deciding univariate polynomial problems using untrusted
              certificates in {I}sabelle/{HOL}},
   JOURNAL = {J. Automat. Reason.},
  FJOURNAL = {Journal of Automated Reasoning},
    VOLUME = {62},
      YEAR = {2019},
    NUMBER = {1},
     PAGES = {69--91},
      ISSN = {0168-7433},
   MRCLASS = {68T15},
  MRNUMBER = {3901955},
       DOI = {10.1007/s10817-017-9424-6},
       URL = {https://doi-org.colorado.idm.oclc.org/10.1007/s10817-017-9424-6},
}
		
@article {MR3806495,
    AUTHOR = {Avigad, Jeremy and Blanchette, Jasmin Christian and Klein,
              Gerwin and Paulson, Lawrence and Popescu, Andrei and Snelting,
              Gregor},
     TITLE = {Introduction to {M}ilestones in interactive theorem proving},
   JOURNAL = {J. Automat. Reason.},
  FJOURNAL = {Journal of Automated Reasoning},
    VOLUME = {61},
      YEAR = {2018},
    NUMBER = {1-4},
     PAGES = {1--8},
      ISSN = {0168-7433},
   MRCLASS = {68-06 (01A70 03B35 68-03 68T15)},
  MRNUMBER = {3806495},
       DOI = {10.1007/s10817-018-9465-5},
       URL = {https://doi-org.colorado.idm.oclc.org/10.1007/s10817-018-9465-5},
}
		
@article {MR3782785,
    AUTHOR = {Paulson, Lawrence C.},
     TITLE = {Computational logic: its origins and applications},
   JOURNAL = {Proc. A.},
  FJOURNAL = {Proceedings A},
    VOLUME = {474},
      YEAR = {2018},
    NUMBER = {2210},
     PAGES = {20170872, 14},
      ISSN = {1364-5021},
   MRCLASS = {68T15 (03B35)},
  MRNUMBER = {3782785},
       DOI = {10.1098/rspa.2017.0872},
       URL = {https://doi-org.colorado.idm.oclc.org/10.1098/rspa.2017.0872},
}
		
@incollection {MR3568415,
    AUTHOR = {Li, Wenda and Paulson, Lawrence C.},
     TITLE = {A formal proof of {C}auchy's residue theorem},
 BOOKTITLE = {Interactive theorem proving},
    SERIES = {Lecture Notes in Comput. Sci.},
    VOLUME = {9807},
     PAGES = {235--251},
 PUBLISHER = {Springer, [Cham]},
      YEAR = {2016},
   MRCLASS = {03B35 (30E20)},
  MRNUMBER = {3568415},
       DOI = {10.1007/978-3-319-43144-4_15},
       URL = {https://doi-org.colorado.idm.oclc.org/10.1007/978-3-319-43144-4_15},
}
		
@incollection {MR3568401,
    AUTHOR = {Abdulaziz, Mohammad and Paulson, Lawrence C.},
     TITLE = {An {I}sabelle/{HOL} formalisation of {G}reen's theorem},
 BOOKTITLE = {Interactive theorem proving},
    SERIES = {Lecture Notes in Comput. Sci.},
    VOLUME = {9807},
     PAGES = {3--19},
 PUBLISHER = {Springer, [Cham]},
      YEAR = {2016},
   MRCLASS = {03B35 (26B20)},
  MRNUMBER = {3568401},
       DOI = {10.1007/978-3-319-43144-4_1},
       URL = {https://doi-org.colorado.idm.oclc.org/10.1007/978-3-319-43144-4_1},
}
		
@article {MR3460643,
    AUTHOR = {Blanchette, Jasmin C. and Kaliszyk, Cezary and Paulson,
              Lawrence C. and Urban, Josef},
     TITLE = {Hammering towards {QED}},
   JOURNAL = {J. Formaliz. Reason.},
  FJOURNAL = {Journal of Formalized Reasoning},
    VOLUME = {9},
      YEAR = {2016},
    NUMBER = {1},
     PAGES = {101--148},
      ISSN = {1972-5787},
   MRCLASS = {03B35 (68T15)},
  MRNUMBER = {3460643},
MRREVIEWER = {Andrzej Wi\'{s}nicki},
}
		
@incollection {MR3478056,
    AUTHOR = {Sultana, Nik and Benzm\"{u}ller, Christoph and Paulson, Lawrence
              C.},
     TITLE = {Proofs and reconstructions},
 BOOKTITLE = {Frontiers of combining systems},
    SERIES = {Lecture Notes in Comput. Sci.},
    VOLUME = {9322},
     PAGES = {256--271},
 PUBLISHER = {Springer, Cham},
      YEAR = {2015},
   MRCLASS = {68T15 (03B15 03B35)},
  MRNUMBER = {3478056},
       DOI = {10.1007/978-3-319-24246-0_16},
       URL = {https://doi-org.colorado.idm.oclc.org/10.1007/978-3-319-24246-0_16},
}
		
@incollection {MR3446894,
    AUTHOR = {Paulson, Lawrence C.},
     TITLE = {A formalisation of finite automata using hereditarily finite
              sets},
 BOOKTITLE = {Automated deduction---{CADE} 25},
    SERIES = {Lecture Notes in Comput. Sci.},
    VOLUME = {9195},
     PAGES = {231--245},
 PUBLISHER = {Springer, Cham},
      YEAR = {2015},
   MRCLASS = {68Q45 (03B35 03E30 03F30 03F40)},
  MRNUMBER = {3446894},
       DOI = {10.1007/978-3-319-21401-6_15},
       URL = {https://doi-org.colorado.idm.oclc.org/10.1007/978-3-319-21401-6_15},
}
		
@article {MR3424679,
    AUTHOR = {Benzm\"{u}ller, Christoph and Sultana, Nik and Paulson, Lawrence
              C. and Thei\ss , Frank},
     TITLE = {The higher-order prover {L}eo-{II}},
   JOURNAL = {J. Automat. Reason.},
  FJOURNAL = {Journal of Automated Reasoning},
    VOLUME = {55},
      YEAR = {2015},
    NUMBER = {4},
     PAGES = {389--404},
      ISSN = {0168-7433},
   MRCLASS = {68T15 (03B35)},
  MRNUMBER = {3424679},
       DOI = {10.1007/s10817-015-9348-y},
       URL = {https://doi-org.colorado.idm.oclc.org/10.1007/s10817-015-9348-y},
}
		
@article {MR3345975,
    AUTHOR = {Paulson, Lawrence C.},
     TITLE = {A mechanised proof of {G}\"{o}del's incompleteness theorems using
              nominal {I}sabelle},
   JOURNAL = {J. Automat. Reason.},
  FJOURNAL = {Journal of Automated Reasoning},
    VOLUME = {55},
      YEAR = {2015},
    NUMBER = {1},
     PAGES = {1--37},
      ISSN = {0168-7433},
   MRCLASS = {03F40 (03B35 03E30 03F30 68T15)},
  MRNUMBER = {3345975},
       DOI = {10.1007/s10817-015-9322-8},
       URL = {https://doi-org.colorado.idm.oclc.org/10.1007/s10817-015-9322-8},
}
		
@incollection {MR3392704,
    AUTHOR = {Paulson, Lawrence C.},
     TITLE = {Automated theorem proving for special functions: the next
              phase},
 BOOKTITLE = {S{NC} 2014---{P}roceedings of the 2014 {S}ymposium on
              {S}ymbolic-{N}umeric {C}omputation},
     PAGES = {3--8},
 PUBLISHER = {ACM, New York},
      YEAR = {2014},
   MRCLASS = {03B35 (68T15)},
  MRNUMBER = {3392704},
MRREVIEWER = {Jeremy David Avigad},
}
		
@article {MR3249235,
    AUTHOR = {Paulson, Lawrence C.},
     TITLE = {A machine-assisted proof of {G}\"{o}del's incompleteness theorems
              for the theory of hereditarily finite sets},
   JOURNAL = {Rev. Symb. Log.},
  FJOURNAL = {The Review of Symbolic Logic},
    VOLUME = {7},
      YEAR = {2014},
    NUMBER = {3},
     PAGES = {484--498},
      ISSN = {1755-0203},
   MRCLASS = {68T15 (03F40)},
  MRNUMBER = {3249235},
       DOI = {10.1017/S1755020314000112},
       URL = {https://doi-org.colorado.idm.oclc.org/10.1017/S1755020314000112},
}
		
@article {MR3225762,
    AUTHOR = {Bridge, James P. and Holden, Sean B. and Paulson, Lawrence C.},
     TITLE = {Machine learning for first-order theorem proving: learning to
              select a good heuristic},
   JOURNAL = {J. Automat. Reason.},
  FJOURNAL = {Journal of Automated Reasoning},
    VOLUME = {53},
      YEAR = {2014},
    NUMBER = {2},
     PAGES = {141--172},
      ISSN = {0168-7433},
   MRCLASS = {68T05 (68T15)},
  MRNUMBER = {3225762},
       DOI = {10.1007/s10817-014-9301-5},
       URL = {https://doi-org.colorado.idm.oclc.org/10.1007/s10817-014-9301-5},
}
		
@article {MR3063485,
    AUTHOR = {Blanchette, Jasmin Christian and B\"{o}hme, Sascha and Paulson,
              Lawrence C.},
     TITLE = {Extending {S}ledgehammer with {SMT} solvers},
   JOURNAL = {J. Automat. Reason.},
  FJOURNAL = {Journal of Automated Reasoning},
    VOLUME = {51},
      YEAR = {2013},
    NUMBER = {1},
     PAGES = {109--128},
      ISSN = {0168-7433},
   MRCLASS = {68T15 (03B35)},
  MRNUMBER = {3063485},
       DOI = {10.1007/s10817-013-9278-5},
       URL = {https://doi-org.colorado.idm.oclc.org/10.1007/s10817-013-9278-5},
}
		
@article {MR3027655,
    AUTHOR = {Benzm\"{u}ller, Christoph and Paulson, Lawrence C.},
     TITLE = {Quantified multimodal logics in simple type theory},
   JOURNAL = {Log. Univers.},
  FJOURNAL = {Logica Universalis},
    VOLUME = {7},
      YEAR = {2013},
    NUMBER = {1},
     PAGES = {7--20},
      ISSN = {1661-8297},
   MRCLASS = {03B45 (03B15)},
  MRNUMBER = {3027655},
       DOI = {10.1007/s11787-012-0052-y},
       URL = {https://doi-org.colorado.idm.oclc.org/10.1007/s11787-012-0052-y},
}
		
@article {MR3016794,
    AUTHOR = {Bridge, James P. and Paulson, Lawrence Charles},
     TITLE = {Case splitting in an automatic theorem prover for real-valued
              special functions},
   JOURNAL = {J. Automat. Reason.},
  FJOURNAL = {Journal of Automated Reasoning},
    VOLUME = {50},
      YEAR = {2013},
    NUMBER = {1},
     PAGES = {99--117},
      ISSN = {0168-7433},
   MRCLASS = {68T15 (03B35)},
  MRNUMBER = {3016794},
       DOI = {10.1007/s10817-012-9245-6},
       URL = {https://doi-org.colorado.idm.oclc.org/10.1007/s10817-012-9245-6},
}
		
@article {MR3010094,
    AUTHOR = {Sultana, Nik and Blanchette, Jasmin Christian and Paulson,
              Lawrence C.},
     TITLE = {L{EO}-{II} and {S}atallax on the {S}ledgehammer test bench},
   JOURNAL = {J. Appl. Log.},
  FJOURNAL = {Journal of Applied Logic},
    VOLUME = {11},
      YEAR = {2013},
    NUMBER = {1},
     PAGES = {91--102},
      ISSN = {1570-8683},
   MRCLASS = {68T15},
  MRNUMBER = {3010094},
       DOI = {10.1016/j.jal.2012.12.002},
       URL = {https://doi-org.colorado.idm.oclc.org/10.1016/j.jal.2012.12.002},
}
		
@incollection {MR3003505,
    AUTHOR = {Paulson, Lawrence C.},
     TITLE = {Meti{T}arski: past and future},
 BOOKTITLE = {Interactive theorem proving},
    SERIES = {Lecture Notes in Comput. Sci.},
    VOLUME = {7406},
     PAGES = {1--10},
 PUBLISHER = {Springer, Heidelberg},
      YEAR = {2012},
   MRCLASS = {Expansion},
  MRNUMBER = {3003505},
       DOI = {10.1007/978-3-642-32347-8_1},
       URL = {https://doi-org.colorado.idm.oclc.org/10.1007/978-3-642-32347-8_1},
}
		
@incollection {MR2862862,
    AUTHOR = {Blanchette, Jasmin Christian and B\"{o}hme, Sascha and Paulson,
              Lawrence C.},
     TITLE = {Extending sledgehammer with {SMT} solvers},
 BOOKTITLE = {Automated deduction---{CADE}-23},
    SERIES = {Lecture Notes in Comput. Sci.},
    VOLUME = {6803},
     PAGES = {116--130},
 PUBLISHER = {Springer, Heidelberg},
      YEAR = {2011},
   MRCLASS = {Expansion},
  MRNUMBER = {2862862},
       DOI = {10.1007/978-3-642-22438-6_11},
       URL = {https://doi-org.colorado.idm.oclc.org/10.1007/978-3-642-22438-6_11},
}
		
@article {MR2733949,
    AUTHOR = {Benzmueller, Christoph and Paulson, Lawrence C.},
     TITLE = {Multimodal and intuitionistic logics in simple type theory},
   JOURNAL = {Log. J. IGPL},
  FJOURNAL = {Logic Journal of the IGPL. Interest Group in Pure and Applied
              Logics},
    VOLUME = {18},
      YEAR = {2010},
    NUMBER = {6},
     PAGES = {881--892},
      ISSN = {1367-0751},
   MRCLASS = {03B15 (03B20 03B35 03B45)},
  MRNUMBER = {2733949},
       DOI = {10.1093/jigpal/jzp080},
       URL = {https://doi-org.colorado.idm.oclc.org/10.1093/jigpal/jzp080},
}
		
@article {MR2593223,
    AUTHOR = {Akbarpour, Behzad and Paulson, Lawrence Charles},
     TITLE = {Meti{T}arski: an automatic theorem prover for real-valued
              special functions},
   JOURNAL = {J. Automat. Reason.},
  FJOURNAL = {Journal of Automated Reasoning},
    VOLUME = {44},
      YEAR = {2010},
    NUMBER = {3},
     PAGES = {175--205},
      ISSN = {0168-7433},
   MRCLASS = {03B35 (33B10)},
  MRNUMBER = {2593223},
       DOI = {10.1007/s10817-009-9149-2},
       URL = {https://doi-org.colorado.idm.oclc.org/10.1007/s10817-009-9149-2},
}
		
@incollection {MR2734841,
    AUTHOR = {Akbarpour, Behzad and Paulson, Lawrence C.},
     TITLE = {Applications of {M}eti{T}arski in the verification of control
              and hybrid systems},
 BOOKTITLE = {Hybrid systems: computation and control},
    SERIES = {Lecture Notes in Comput. Sci.},
    VOLUME = {5469},
     PAGES = {1--15},
 PUBLISHER = {Springer, Berlin},
      YEAR = {2009},
   MRCLASS = {93C30 (68T15)},
  MRNUMBER = {2734841},
       DOI = {10.1007/978-3-642-00602-9_1},
       URL = {https://doi-org.colorado.idm.oclc.org/10.1007/978-3-642-00602-9_1},
}
		
@article {MR2498641,
    AUTHOR = {Meng, Jia and Paulson, Lawrence C.},
     TITLE = {Lightweight relevance filtering for machine-generated
              resolution problems},
   JOURNAL = {J. Appl. Log.},
  FJOURNAL = {Journal of Applied Logic},
    VOLUME = {7},
      YEAR = {2009},
    NUMBER = {1},
     PAGES = {41--57},
      ISSN = {1570-8683},
   MRCLASS = {03B35 (68T15)},
  MRNUMBER = {2498641},
       DOI = {10.1016/j.jal.2007.07.004},
       URL = {https://doi-org.colorado.idm.oclc.org/10.1016/j.jal.2007.07.004},
}
		
@incollection {MR2867842,
    AUTHOR = {Benzm\"{u}ller, Christoph and Paulson, Lawrence C.},
     TITLE = {Exploring properties of normal multi-modal logics in simple
              type theory with {L}eo-{II}},
 BOOKTITLE = {Reasoning in simple type theory},
    SERIES = {Stud. Log. (Lond.)},
    VOLUME = {17},
     PAGES = {401--421},
 PUBLISHER = {Coll. Publ., London},
      YEAR = {2008},
   MRCLASS = {03B45 (03B15 03B35 68T15)},
  MRNUMBER = {2867842},
}
		
@incollection {MR2550908,
    AUTHOR = {Wenzel, Makarius and Paulson, Lawrence C. and Nipkow, Tobias},
     TITLE = {The {I}sabelle framework},
 BOOKTITLE = {Theorem proving in higher order logics},
    SERIES = {Lecture Notes in Comput. Sci.},
    VOLUME = {5170},
     PAGES = {33--38},
 PUBLISHER = {Springer, Berlin},
      YEAR = {2008},
   MRCLASS = {Expansion},
  MRNUMBER = {2550908},
       DOI = {10.1007/978-3-540-71067-7_7},
       URL = {https://doi-org.colorado.idm.oclc.org/10.1007/978-3-540-71067-7_7},
}
		
@incollection {MR2507047,
    AUTHOR = {Paulson, Lawrence C.},
     TITLE = {The relative consistency of the axiom of choice---mechanized
              using {I}sabelle/{ZF}},
 BOOKTITLE = {Logic and theory of algorithms},
    SERIES = {Lecture Notes in Comput. Sci.},
    VOLUME = {5028},
     PAGES = {486--490},
 PUBLISHER = {Springer, Berlin},
      YEAR = {2008},
   MRCLASS = {03B35 (03E25 03E45 68T15)},
  MRNUMBER = {2507047},
       DOI = {10.1007/978-3-540-69407-6_52},
       URL = {https://doi-org.colorado.idm.oclc.org/10.1007/978-3-540-69407-6_52},
}
		
@article {MR2387925,
    AUTHOR = {Meng, Jia and Paulson, Lawrence C.},
     TITLE = {Translating higher-order clauses to first-order clauses},
   JOURNAL = {J. Automat. Reason.},
  FJOURNAL = {Journal of Automated Reasoning},
    VOLUME = {40},
      YEAR = {2008},
    NUMBER = {1},
     PAGES = {35--60},
      ISSN = {0168-7433},
   MRCLASS = {68T15 (03B35)},
  MRNUMBER = {2387925},
       DOI = {10.1007/s10817-007-9085-y},
       URL = {https://doi-org.colorado.idm.oclc.org/10.1007/s10817-007-9085-y},
}
		
@incollection {MR2550890,
    AUTHOR = {Paulson, Lawrence C. and Susanto, Kong Woei},
     TITLE = {Source-level proof reconstruction for interactive theorem
              proving},
 BOOKTITLE = {Theorem proving in higher order logics},
    SERIES = {Lecture Notes in Comput. Sci.},
    VOLUME = {4732},
     PAGES = {232--245},
 PUBLISHER = {Springer, Berlin},
      YEAR = {2007},
   MRCLASS = {Expansion},
  MRNUMBER = {2550890},
       DOI = {10.1007/978-3-540-74591-4_18},
       URL = {https://doi-org.colorado.idm.oclc.org/10.1007/978-3-540-74591-4_18},
}
		
@article {MR2304094,
    AUTHOR = {Beckert, Bernhard and Paulson, Lawrence C.},
     TITLE = {Preface [{S}pecial issue on automated reasoning with analytic
              tableaux]},
   JOURNAL = {J. Automat. Reason.},
  FJOURNAL = {Journal of Automated Reasoning},
    VOLUME = {38},
      YEAR = {2007},
    NUMBER = {1-3},
     PAGES = {1--2},
      ISSN = {0168-7433},
   MRCLASS = {03-06 (03B35 68-06)},
  MRNUMBER = {2304094},
       DOI = {10.1007/s10817-006-9058-6},
       URL = {https://doi-org.colorado.idm.oclc.org/10.1007/s10817-006-9058-6},
}
		
@article {MR2264419,
    AUTHOR = {Paulson, Lawrence C.},
     TITLE = {Defining functions on equivalence classes},
   JOURNAL = {ACM Trans. Comput. Log.},
  FJOURNAL = {ACM Transactions on Computational Logic},
    VOLUME = {7},
      YEAR = {2006},
    NUMBER = {4},
     PAGES = {658--675},
      ISSN = {1529-3785},
   MRCLASS = {03B35 (68T15)},
  MRNUMBER = {2264419},
MRREVIEWER = {Nicolas Peltier},
       DOI = {10.1145/1183278.1183280},
       URL = {https://doi-org.colorado.idm.oclc.org/10.1145/1183278.1183280},
}
		
@article {MR2257746,
    AUTHOR = {Meng, Jia and Quigley, Claire and Paulson, Lawrence C.},
     TITLE = {Automation for interactive proof: first prototype},
   JOURNAL = {Inform. and Comput.},
  FJOURNAL = {Information and Computation},
    VOLUME = {204},
      YEAR = {2006},
    NUMBER = {10},
     PAGES = {1575--1596},
      ISSN = {0890-5401},
   MRCLASS = {68T15 (03B35)},
  MRNUMBER = {2257746},
       DOI = {10.1016/j.ic.2005.05.010},
       URL = {https://doi-org.colorado.idm.oclc.org/10.1016/j.ic.2005.05.010},
}
		
@incollection {MR2214272,
    AUTHOR = {Bella, Giampaolo and Longo, Cristiano and Paulson, Lawrence
              C.},
     TITLE = {Is the verification problem for cryptographic protocols
              solved?},
 BOOKTITLE = {Security protocols},
    SERIES = {Lecture Notes in Comput. Sci.},
    VOLUME = {3364},
     PAGES = {183--189},
 PUBLISHER = {Springer, Berlin},
      YEAR = {2005},
   MRCLASS = {94A62 (94A60)},
  MRNUMBER = {2214272},
       DOI = {10.1007/11542322_23},
       URL = {https://doi-org.colorado.idm.oclc.org/10.1007/11542322_23},
}
		
@incollection {MR2140372,
    AUTHOR = {Meng, Jia and Paulson, Lawrence C.},
     TITLE = {Experiments on supporting interactive proof using resolution},
 BOOKTITLE = {Automated reasoning},
    SERIES = {Lecture Notes in Comput. Sci.},
    VOLUME = {3097},
     PAGES = {372--384},
 PUBLISHER = {Springer, Berlin},
      YEAR = {2004},
   MRCLASS = {Expansion},
  MRNUMBER = {2140372},
       DOI = {10.1007/978-3-540-25984-8_28},
       URL = {https://doi-org.colorado.idm.oclc.org/10.1007/978-3-540-25984-8_28},
}
		
@article {MR2118209,
    AUTHOR = {Paulson, Lawrence C.},
     TITLE = {Organizing numerical theories using axiomatic type classes},
   JOURNAL = {J. Automat. Reason.},
  FJOURNAL = {Journal of Automated Reasoning},
    VOLUME = {33},
      YEAR = {2004},
    NUMBER = {1},
     PAGES = {29--49},
      ISSN = {0168-7433},
   MRCLASS = {03B35 (68T15)},
  MRNUMBER = {2118209},
       DOI = {10.1007/s10817-004-3997-6},
       URL = {https://doi-org.colorado.idm.oclc.org/10.1007/s10817-004-3997-6},
}
		
@article {MR2051585,
    AUTHOR = {Paulson, Lawrence C.},
     TITLE = {The relative consistency of the axiom of choice mechanized
              using {I}sabelle/{ZF}},
      NOTE = {Appendix A available electronically at
              \url{http://www.lms.ac.uk/jcm/6/lms2003-001/appendix-a/}},
   JOURNAL = {LMS J. Comput. Math.},
  FJOURNAL = {LMS Journal of Computation and Mathematics},
    VOLUME = {6},
      YEAR = {2003},
     PAGES = {198--248},
      ISSN = {1461-1570},
   MRCLASS = {03B35 (03E25 03E35 68T15)},
  MRNUMBER = {2051585},
       DOI = {10.1007/978-3-540-69407-6_52},
       URL = {https://doi-org.colorado.idm.oclc.org/10.1007/978-3-540-69407-6_52},
}
		
@incollection {MR2050394,
    AUTHOR = {Paulson, Lawrence C.},
     TITLE = {The reflection theorem: a study in meta-theoretic reasoning},
 BOOKTITLE = {Automated deduction---{CADE}-18},
    SERIES = {Lecture Notes in Comput. Sci.},
    VOLUME = {2392},
     PAGES = {377--391},
 PUBLISHER = {Springer, Berlin},
      YEAR = {2002},
   MRCLASS = {Expansion},
  MRNUMBER = {2050394},
       DOI = {10.1007/3-540-45620-1_31},
       URL = {https://doi-org.colorado.idm.oclc.org/10.1007/3-540-45620-1_31},
}
		
@book {MR1949173,
    AUTHOR = {Nipkow, Tobias and Paulson, Lawrence C. and Wenzel, Markus},
     TITLE = {Isabelle/{HOL}},
    SERIES = {Lecture Notes in Computer Science},
    VOLUME = {2283},
      NOTE = {A proof assistant for higher-order logic},
 PUBLISHER = {Springer-Verlag, Berlin},
      YEAR = {2002},
     PAGES = {xiv+218},
      ISBN = {3-540-43376-7},
   MRCLASS = {68T15 (03B15 03B35 68-01 68N18 68W30)},
  MRNUMBER = {1949173},
       DOI = {10.1007/3-540-45949-9},
       URL = {https://doi-org.colorado.idm.oclc.org/10.1007/3-540-45949-9},
}
		
@incollection {MR2049497,
    AUTHOR = {Paulson, Lawrence C.},
     TITLE = {S{ET} cardholder registration: {T}he secrecy proofs (extended
              abstract)},
 BOOKTITLE = {Automated reasoning},
    SERIES = {Lecture Notes in Comput. Sci.},
    VOLUME = {2083},
     PAGES = {5--12},
 PUBLISHER = {Springer, Berlin},
      YEAR = {2001},
   MRCLASS = {Expansion},
  MRNUMBER = {2049497},
       DOI = {10.1007/3-540-45744-5_2},
       URL = {https://doi-org.colorado.idm.oclc.org/10.1007/3-540-45744-5_2},
}
		
@article {MR1828741,
    AUTHOR = {Paulson, Lawrence C.},
     TITLE = {A simple formalization and proof for the mutilated chess
              board},
   JOURNAL = {Log. J. IGPL},
  FJOURNAL = {Logic Journal of the IGPL. Interest Group in Pure and Applied
              Logics},
    VOLUME = {9},
      YEAR = {2001},
    NUMBER = {3},
     PAGES = {475--485},
      ISSN = {1367-0751},
   MRCLASS = {68T15 (03B35 05B45)},
  MRNUMBER = {1828741},
       DOI = {10.1093/jigpal/9.3.475},
       URL = {https://doi-org.colorado.idm.oclc.org/10.1093/jigpal/9.3.475},
}
		
@article {MR1858820,
    AUTHOR = {Paulson, Lawrence C.},
     TITLE = {Mechanizing {UNITY} in {I}sabelle},
   JOURNAL = {ACM Trans. Comput. Log.},
  FJOURNAL = {ACM Transactions on Computational Logic},
    VOLUME = {1},
      YEAR = {2000},
    NUMBER = {1},
     PAGES = {3--32},
      ISSN = {1529-3785},
   MRCLASS = {03B35 (68Q60 68T15)},
  MRNUMBER = {1858820},
       DOI = {10.1145/343369.343370},
       URL = {https://doi-org.colorado.idm.oclc.org/10.1145/343369.343370},
}
		
@article {MR1783410,
    AUTHOR = {Fleuriot, Jacques D. and Paulson, Lawrence C.},
     TITLE = {Mechanizing nonstandard real analysis},
   JOURNAL = {LMS J. Comput. Math.},
  FJOURNAL = {LMS Journal of Computation and Mathematics},
    VOLUME = {3},
      YEAR = {2000},
     PAGES = {140--190},
      ISSN = {1461-1570},
   MRCLASS = {03B35 (03H10 26E35)},
  MRNUMBER = {1783410},
MRREVIEWER = {Peter W. Day},
       DOI = {10.1112/S1461157000000267},
       URL = {https://doi-org.colorado.idm.oclc.org/10.1112/S1461157000000267},
}
		
@incollection {MR1773456,
    AUTHOR = {Paulson, Lawrence C.},
     TITLE = {A fixedpoint approach to (co)inductive and (co)datatype
              definitions},
 BOOKTITLE = {Proof, language, and interaction},
    SERIES = {Found. Comput. Ser.},
     PAGES = {187--211},
 PUBLISHER = {MIT Press, Cambridge, MA},
      YEAR = {2000},
   MRCLASS = {68Q65 (68T15)},
  MRNUMBER = {1773456},
}
		
@incollection {MR1943431,
    AUTHOR = {Paulson, Lawrence C.},
     TITLE = {Proving security protocols correct},
 BOOKTITLE = {14th {S}ymposium on {L}ogic in {C}omputer {S}cience ({T}rento,
              1999)},
     PAGES = {370--381},
 PUBLISHER = {IEEE Computer Soc., Los Alamitos, CA},
      YEAR = {1999},
   MRCLASS = {94A60 (68Q60)},
  MRNUMBER = {1943431},
       DOI = {10.1109/LICS.1999.782632},
       URL = {https://doi-org.colorado.idm.oclc.org/10.1109/LICS.1999.782632},
}
		
@incollection {MR1775946,
    AUTHOR = {Fleuriot, Jacques D. and Paulson, Lawrence C.},
     TITLE = {Proving {N}ewton's {P}ropositio {K}epleriana using geometry
              and nonstandard analysis in {I}sabelle},
 BOOKTITLE = {Automated deduction in geometry ({B}eijing, 1998)},
    SERIES = {Lecture Notes in Comput. Sci.},
    VOLUME = {1669},
     PAGES = {47--66},
 PUBLISHER = {Springer, Berlin},
      YEAR = {1999},
   MRCLASS = {68T15 (03B35 03H05)},
  MRNUMBER = {1775946},
       DOI = {10.1007/3-540-47997-X_4},
       URL = {https://doi-org.colorado.idm.oclc.org/10.1007/3-540-47997-X_4},
}
		
@article {MR1729353,
    AUTHOR = {Ballarin, Clemens and Paulson, Lawrence C.},
     TITLE = {A pragmatic approach to extending provers by computer
              algebra---with applications to coding theory},
      NOTE = {Symbolic computation and related topics in artificial
              intelligence (Plattsburg, NY, 1998)},
   JOURNAL = {Fund. Inform.},
  FJOURNAL = {Fundamenta Informaticae},
    VOLUME = {39},
      YEAR = {1999},
    NUMBER = {1-2},
     PAGES = {1--20},
      ISSN = {0169-2968},
   MRCLASS = {94B05 (68T15 68W30)},
  MRNUMBER = {1729353},
}
		
@article {MR1728315,
    AUTHOR = {Paulson, Lawrence C.},
     TITLE = {Final coalgebras as greatest fixed points in {ZF} set theory},
   JOURNAL = {Math. Structures Comput. Sci.},
  FJOURNAL = {Mathematical Structures in Computer Science. A Journal in the
              Applications of Categorical, Algebraic and Geometric Methods
              in Computer Science},
    VOLUME = {9},
      YEAR = {1999},
    NUMBER = {5},
     PAGES = {545--567},
      ISSN = {0960-1295},
   MRCLASS = {03B35 (68T15)},
  MRNUMBER = {1728315},
       DOI = {10.1017/S0960129599002790},
       URL = {https://doi-org.colorado.idm.oclc.org/10.1017/S0960129599002790},
}
		
@article {MR1721912,
    AUTHOR = {Kamm\"{u}ller, Florian and Paulson, Lawrence C.},
     TITLE = {A formal proof of {S}ylow's theorem. {A}n experiment in
              abstract algebra with {I}sabelle {HOL}},
   JOURNAL = {J. Automat. Reason.},
  FJOURNAL = {Journal of Automated Reasoning},
    VOLUME = {23},
      YEAR = {1999},
    NUMBER = {3-4},
     PAGES = {235--264},
      ISSN = {0168-7433},
   MRCLASS = {68T15 (20D20)},
  MRNUMBER = {1721912},
       DOI = {10.1023/A:1006269330992},
       URL = {https://doi-org.colorado.idm.oclc.org/10.1023/A:1006269330992},
}
		
@article {MR1719446,
    AUTHOR = {Paulson, Lawrence C.},
     TITLE = {A generic tableau prover and its integration with {I}sabelle},
   JOURNAL = {J.UCS},
  FJOURNAL = {J.UCS. The Journal of Universal Computer Science},
    VOLUME = {5},
      YEAR = {1999},
    NUMBER = {3},
     PAGES = {73--87},
      ISSN = {0948-695X},
   MRCLASS = {68T15 (03B35)},
  MRNUMBER = {1719446},
}
		
@incollection {MR1733001,
    AUTHOR = {Fleuriot, Jacques D. and Paulson, Lawrence C.},
     TITLE = {A combination of nonstandard analysis and geometry theorem
              proving, with application to {N}ewton's {\it {P}rincipia}},
 BOOKTITLE = {Automated deduction---{CADE}-15 ({L}indau, 1998)},
    SERIES = {Lecture Notes in Comput. Sci.},
    VOLUME = {1421},
     PAGES = {3--16},
 PUBLISHER = {Springer, Berlin},
      YEAR = {1998},
   MRCLASS = {68T15 (03B35 03H05)},
  MRNUMBER = {1733001},
       DOI = {10.1007/BFb0054241},
       URL = {https://doi-org.colorado.idm.oclc.org/10.1007/BFb0054241},
}
		
@incollection {MR1679485,
    AUTHOR = {Ballarin, Clemens and Paulson, Lawrence C.},
     TITLE = {Reasoning about coding theory: the benefits we get from
              computer algebra},
 BOOKTITLE = {Artificial intelligence and symbolic computation
              ({P}lattsburgh, {NY}, 1998)},
    SERIES = {Lecture Notes in Comput. Sci.},
    VOLUME = {1476},
     PAGES = {55--66},
 PUBLISHER = {Springer, Berlin},
      YEAR = {1998},
   MRCLASS = {68Q40 (94B99)},
  MRNUMBER = {1679485},
       DOI = {10.1007/BFb0055902},
       URL = {https://doi-org.colorado.idm.oclc.org/10.1007/BFb0055902},
}
		
@incollection {MR1613045,
    AUTHOR = {Paulson, Lawrence C.},
     TITLE = {Tool support for logics of programs},
 BOOKTITLE = {Mathematical methods in program development ({M}arktoberdorf,
              1996)},
    SERIES = {NATO Adv. Sci. Inst. Ser. F Comput. Systems Sci.},
    VOLUME = {158},
     PAGES = {461--498},
 PUBLISHER = {Springer, Berlin},
      YEAR = {1997},
   MRCLASS = {68T15 (03B35)},
  MRNUMBER = {1613045},
}
		
@incollection {MR1481453,
    AUTHOR = {Paulson, Lawrence C.},
     TITLE = {Generic automatic proof tools},
 BOOKTITLE = {Automated reasoning and its applications},
     PAGES = {23--47},
 PUBLISHER = {MIT Press, Cambridge, MA},
      YEAR = {1997},
   MRCLASS = {68T15 (03B35)},
  MRNUMBER = {1481453},
}
		
@article {MR1444759,
    AUTHOR = {Paulson, Lawrence C.},
     TITLE = {Mechanizing coinduction and corecursion in higher-order logic},
   JOURNAL = {J. Logic Comput.},
  FJOURNAL = {Journal of Logic and Computation},
    VOLUME = {7},
      YEAR = {1997},
    NUMBER = {2},
     PAGES = {175--204},
      ISSN = {0955-792X},
   MRCLASS = {03B70 (03B15 03D70 68Q60)},
  MRNUMBER = {1444759},
       DOI = {10.1093/logcom/7.2.175},
       URL = {https://doi-org.colorado.idm.oclc.org/10.1093/logcom/7.2.175},
}
		
@article {MR1428345,
    AUTHOR = {Paulson, Lawrence C. and Gr\polhk abczewski, Krzysztof},
     TITLE = {Mechanizing set theory. {C}ardinal arithmetic and the axiom of
              choice},
   JOURNAL = {J. Automat. Reason.},
  FJOURNAL = {Journal of Automated Reasoning},
    VOLUME = {17},
      YEAR = {1996},
    NUMBER = {3},
     PAGES = {291--323},
      ISSN = {0168-7433},
   MRCLASS = {03B35 (68T15)},
  MRNUMBER = {1428345},
       DOI = {10.1007/BF00283132},
       URL = {https://doi-org.colorado.idm.oclc.org/10.1007/BF00283132},
}
		
@incollection {MR1456762,
    AUTHOR = {Paulson, Lawrence C.},
     TITLE = {A concrete final coalgebra theorem for {ZF} set theory},
 BOOKTITLE = {Types for proofs and programs ({B}\aa stad, 1994)},
    SERIES = {Lecture Notes in Comput. Sci.},
    VOLUME = {996},
     PAGES = {120--139},
 PUBLISHER = {Springer, Berlin},
      YEAR = {1995},
   MRCLASS = {03E75 (68N15 68Q10 68Q55 68Q60)},
  MRNUMBER = {1456762},
       DOI = {10.1007/3-540-60579-7_7},
       URL = {https://doi-org.colorado.idm.oclc.org/10.1007/3-540-60579-7_7},
}
		
@article {MR1353061,
    AUTHOR = {Paulson, Lawrence C.},
     TITLE = {Set theory for verification. {II}. {I}nduction and recursion},
   JOURNAL = {J. Automat. Reason.},
  FJOURNAL = {Journal of Automated Reasoning},
    VOLUME = {15},
      YEAR = {1995},
    NUMBER = {2},
     PAGES = {167--215},
      ISSN = {0168-7433},
   MRCLASS = {68Q60 (03B15 03B35 03B70 68T15)},
  MRNUMBER = {1353061},
       DOI = {10.1007/BF00881916},
       URL = {https://doi-org.colorado.idm.oclc.org/10.1007/BF00881916},
}
		
@incollection {MR1328653,
    AUTHOR = {Paulson, Lawrence C.},
     TITLE = {A fixedpoint approach to implementing (co)inductive
              definitions},
 BOOKTITLE = {Automated deduction---{CADE}-12 ({N}ancy, 1994)},
    SERIES = {Lecture Notes in Comput. Sci.},
    VOLUME = {814},
     PAGES = {148--161},
 PUBLISHER = {Springer, Berlin},
      YEAR = {1994},
   MRCLASS = {68T15},
  MRNUMBER = {1328653},
       DOI = {10.1007/3-540-58156-1_11},
       URL = {https://doi-org.colorado.idm.oclc.org/10.1007/3-540-58156-1_11},
}
		
@book {MR1313213,
    AUTHOR = {Paulson, Lawrence C.},
     TITLE = {Isabelle},
    SERIES = {Lecture Notes in Computer Science},
    VOLUME = {828},
      NOTE = {A generic theorem prover,
              With contributions by Tobias Nipkow},
 PUBLISHER = {Springer-Verlag, Berlin},
      YEAR = {1994},
     PAGES = {xviii+321},
      ISBN = {3-540-58244-4},
   MRCLASS = {68T15},
  MRNUMBER = {1313213},
MRREVIEWER = {Ursula Martin},
       DOI = {10.1007/BFb0030541},
       URL = {https://doi-org.colorado.idm.oclc.org/10.1007/BFb0030541},
}
		
@article {MR1256366,
    AUTHOR = {Paulson, Lawrence C.},
     TITLE = {Set theory for verification. {I}. {F}rom foundations to
              functions},
   JOURNAL = {J. Automat. Reason.},
  FJOURNAL = {Journal of Automated Reasoning},
    VOLUME = {11},
      YEAR = {1993},
    NUMBER = {3},
     PAGES = {353--389},
      ISSN = {0168-7433},
   MRCLASS = {68Q60 (03B15 03B35 03B70 68T15)},
  MRNUMBER = {1256366},
MRREVIEWER = {Ursula Martin},
       DOI = {10.1007/BF00881873},
       URL = {https://doi-org.colorado.idm.oclc.org/10.1007/BF00881873},
}
		
@incollection {MR1381699,
    AUTHOR = {Paulson, Lawrence C.},
     TITLE = {Designing a theorem prover},
 BOOKTITLE = {Handbook of logic in computer science, {V}ol. 2},
    SERIES = {Handb. Log. Comput. Sci.},
    VOLUME = {2},
     PAGES = {415--475},
 PUBLISHER = {Oxford Univ. Press, New York},
      YEAR = {1992},
   MRCLASS = {68T15 (03B35)},
  MRNUMBER = {1381699},
MRREVIEWER = {C. Masalagiu},
}
		
@incollection {MR1101609,
    AUTHOR = {Paulson, Lawrence C. and Smith, Andrew W.},
     TITLE = {Logic programming, functional programming, and inductive
              definitions},
 BOOKTITLE = {Extensions of logic programming ({T}\"{u}bingen, 1989)},
    SERIES = {Lecture Notes in Comput. Sci.},
    VOLUME = {475},
     PAGES = {283--309},
 PUBLISHER = {Springer, Berlin},
      YEAR = {1991},
   MRCLASS = {68N17},
  MRNUMBER = {1101609},
       DOI = {10.1007/BFb0038699},
       URL = {https://doi-org.colorado.idm.oclc.org/10.1007/BFb0038699},
}
		
@incollection {MR1064146,
    AUTHOR = {Paulson, Lawrence C.},
     TITLE = {A formulation of the simple theory of types (for {I}sabelle)},
 BOOKTITLE = {C{OLOG}-88 ({T}allinn, 1988)},
    SERIES = {Lecture Notes in Comput. Sci.},
    VOLUME = {417},
     PAGES = {246--274},
 PUBLISHER = {Springer, Berlin},
      YEAR = {1990},
   MRCLASS = {68T15 (03B15 03B35 68Q65)},
  MRNUMBER = {1064146},
       DOI = {10.1007/3-540-52335-9_58},
       URL = {https://doi-org.colorado.idm.oclc.org/10.1007/3-540-52335-9_58},
}
		
@article {MR1014575,
    AUTHOR = {Paulson, Lawrence C.},
     TITLE = {The foundation of a generic theorem prover},
   JOURNAL = {J. Automat. Reason.},
  FJOURNAL = {Journal of Automated Reasoning},
    VOLUME = {5},
      YEAR = {1989},
    NUMBER = {3},
     PAGES = {363--397},
      ISSN = {0168-7433},
   MRCLASS = {68T15 (03B20 03B35)},
  MRNUMBER = {1014575},
MRREVIEWER = {J. A. Kalman},
       DOI = {10.1007/BF00248324},
       URL = {https://doi-org.colorado.idm.oclc.org/10.1007/BF00248324},
}
		
@book {MR919403,
    AUTHOR = {Paulson, Lawrence C.},
     TITLE = {Logic and computation},
    SERIES = {Cambridge Tracts in Theoretical Computer Science},
    VOLUME = {2},
      NOTE = {Interactive proof with Cambridge LCF},
 PUBLISHER = {Cambridge University Press, Cambridge},
      YEAR = {1987},
     PAGES = {xiv+302},
      ISBN = {0-521-34632-0},
   MRCLASS = {68Q60 (03B35 03B70 68-02 68T15)},
  MRNUMBER = {919403},
MRREVIEWER = {Luigia Aiello},
       DOI = {10.1017/CBO9780511526602},
       URL = {https://doi-org.colorado.idm.oclc.org/10.1017/CBO9780511526602},
}
		
@article {MR975442,
    AUTHOR = {Paulson, Lawrence C.},
     TITLE = {Proving termination of normalization functions for conditional
              expressions},
   JOURNAL = {J. Automat. Reason.},
  FJOURNAL = {Journal of Automated Reasoning},
    VOLUME = {2},
      YEAR = {1986},
    NUMBER = {1},
     PAGES = {63--74},
      ISSN = {0168-7433},
   MRCLASS = {68T15 (03B35 68Q60)},
  MRNUMBER = {975442},
MRREVIEWER = {Philip W. Grant},
       DOI = {10.1007/BF00246023},
       URL = {https://doi-org.colorado.idm.oclc.org/10.1007/BF00246023},
}
		
@article {MR876213,
    AUTHOR = {Paulson, Lawrence C.},
     TITLE = {Natural deduction as higher-order resolution},
   JOURNAL = {J. Logic Programming},
  FJOURNAL = {Journal of Logic Programming},
    VOLUME = {3},
      YEAR = {1986},
    NUMBER = {3},
     PAGES = {237--258},
      ISSN = {0743-1066},
   MRCLASS = {68T15 (03B35)},
  MRNUMBER = {876213},
       DOI = {10.1016/0743-1066(86)90015-4},
       URL = {https://doi-org.colorado.idm.oclc.org/10.1016/0743-1066(86)90015-4},
}
		
@article {MR872784,
    AUTHOR = {Paulson, Lawrence C.},
     TITLE = {Constructing recursion operators in intuitionistic type
              theory},
   JOURNAL = {J. Symbolic Comput.},
  FJOURNAL = {Journal of Symbolic Computation},
    VOLUME = {2},
      YEAR = {1986},
    NUMBER = {4},
     PAGES = {325--355},
      ISSN = {0747-7171},
   MRCLASS = {68T25 (03B15 03B70 03D65 03F15 03F50 68Q60)},
  MRNUMBER = {872784},
MRREVIEWER = {Daniel Leivant},
       DOI = {10.1016/S0747-7171(86)80002-5},
       URL = {https://doi-org.colorado.idm.oclc.org/10.1016/S0747-7171(86)80002-5},
}
		
@article {MR793533,
    AUTHOR = {Paulson, Lawrence C.},
     TITLE = {Verifying the unification algorithm in {LCF}},
   JOURNAL = {Sci. Comput. Programming},
  FJOURNAL = {Science of Computer Programming},
    VOLUME = {5},
      YEAR = {1985},
    NUMBER = {2},
     PAGES = {143--169},
      ISSN = {0167-6423},
   MRCLASS = {68T15},
  MRNUMBER = {793533},
       DOI = {10.1016/0167-6423(85)90009-7},
       URL = {https://doi-org.colorado.idm.oclc.org/10.1016/0167-6423(85)90009-7},
}
		
@incollection {MR784459,
    AUTHOR = {Paulson, Lawrence},
     TITLE = {Deriving structural induction in {LCF}},
 BOOKTITLE = {Semantics of data types ({V}albonne, 1984)},
    SERIES = {Lecture Notes in Comput. Sci.},
    VOLUME = {173},
     PAGES = {197--214},
 PUBLISHER = {Springer, Berlin},
      YEAR = {1984},
   MRCLASS = {68Q65},
  MRNUMBER = {784459},
       DOI = {10.1007/3-540-13346-1_10},
       URL = {https://doi-org.colorado.idm.oclc.org/10.1007/3-540-13346-1_10},
}
		
@article {MR724755,
    AUTHOR = {Paulson, Lawrence},
     TITLE = {A higher-order implementation of rewriting},
   JOURNAL = {Sci. Comput. Programming},
  FJOURNAL = {Science of Computer Programming},
    VOLUME = {3},
      YEAR = {1983},
    NUMBER = {2},
     PAGES = {119--149},
      ISSN = {0167-6423},
   MRCLASS = {68G15 (03B35)},
  MRNUMBER = {724755},
       DOI = {10.1016/0167-6423(83)90008-4},
       URL = {https://doi-org.colorado.idm.oclc.org/10.1016/0167-6423(83)90008-4},
}
		
