@article {MR3637262,
    AUTHOR = {Najd, Shayan and Jones, Simon Peyton},
     TITLE = {Trees that grow},
   JOURNAL = {J.UCS},
  FJOURNAL = {J.UCS. Journal of Universal Computer Science},
    VOLUME = {23},
      YEAR = {2017},
    NUMBER = {1},
     PAGES = {42--62},
      ISSN = {0948-695X},
   MRCLASS = {68Q65 (68N18 68Q45)},
  MRNUMBER = {3637262},
}
		
@article {MR3615410,
    AUTHOR = {Sergey, Ilya and Vytiniotis, Dimitrios and Peyton Jones, Simon
              L. and Breitner, Joachim},
     TITLE = {Modular, higher order cardinality analysis in theory and
              practice},
   JOURNAL = {J. Funct. Programming},
  FJOURNAL = {Journal of Functional Programming},
    VOLUME = {27},
      YEAR = {2017},
     PAGES = {e11, 55},
      ISSN = {0956-7968},
   MRCLASS = {68N20},
  MRNUMBER = {3615410},
       DOI = {10.1017/S0956796817000016},
       URL = {https://doi-org.colorado.idm.oclc.org/10.1017/S0956796817000016},
}
		
@incollection {MR3578648,
    AUTHOR = {Downen, Paul and Maurer, Luke and Ariola, Zena M. and Peyton
              Jones, Simon},
     TITLE = {Sequent calculus as a compiler intermediate language},
 BOOKTITLE = {I{CFP}'16---{P}roceedings of the 21st {ACM} {SIGPLAN}
              {I}nternational {C}onference on {F}unctional {P}rogramming},
     PAGES = {74--88},
 PUBLISHER = {ACM, New York},
      YEAR = {2016},
   MRCLASS = {68N20 (68N18)},
  MRNUMBER = {3578648},
}
		
@article {MR3530501,
    AUTHOR = {Breitner, Joachim and Eisenberg, Richard A. and Peyton Jones,
              Simon and Weirich, Stephanie},
     TITLE = {Safe zero-cost coercions for {H}askell},
   JOURNAL = {J. Funct. Programming},
  FJOURNAL = {Journal of Functional Programming},
    VOLUME = {26},
      YEAR = {2016},
     PAGES = {e15, 79},
      ISSN = {0956-7968},
   MRCLASS = {68N18},
  MRNUMBER = {3530501},
       DOI = {10.1017/S0956796816000150},
       URL = {https://doi-org.colorado.idm.oclc.org/10.1017/S0956796816000150},
}
		
@article {MR3517554,
    AUTHOR = {Sivaramakrishnan, K. C. and Harris, Tim and Marlow, Simon and
              Peyton Jones, Simon},
     TITLE = {Composable scheduler activations for {H}askell},
   JOURNAL = {J. Funct. Programming},
  FJOURNAL = {Journal of Functional Programming},
    VOLUME = {26},
      YEAR = {2016},
     PAGES = {e9, 39},
      ISSN = {0956-7968},
   MRCLASS = {68N19},
  MRNUMBER = {3517554},
       DOI = {10.1017/S0956796816000071},
       URL = {https://doi-org.colorado.idm.oclc.org/10.1017/S0956796816000071},
}
		
@incollection {MR3516245,
    AUTHOR = {Peyton Jones, Simon and Weirich, Stephanie and Eisenberg,
              Richard A. and Vytiniotis, Dimitrios},
     TITLE = {A reflection on types},
 BOOKTITLE = {A list of successes that can change the world},
    SERIES = {Lecture Notes in Comput. Sci.},
    VOLUME = {9600},
     PAGES = {292--317},
 PUBLISHER = {Springer, [Cham]},
      YEAR = {2016},
   MRCLASS = {68N18},
  MRNUMBER = {3516245},
       DOI = {10.1007/978-3-319-30936-1_16},
       URL = {https://doi-org.colorado.idm.oclc.org/10.1007/978-3-319-30936-1_16},
}
		
@incollection {MR3578625,
    AUTHOR = {Karachalias, Georgios and Schrijvers, Tom and Vytiniotis,
              Dimitrios and Peyton Jones, Simon},
     TITLE = {G{ADT}s meet their match: pattern-matching warnings that
              account for {GADT}s, guards, and laziness},
 BOOKTITLE = {I{CFP}'15---{P}roceedings of the 20th {ACM} {SIGPLAN}
              {I}nternational {C}onference on {F}unctional {P}rogramming},
     PAGES = {424--436},
 PUBLISHER = {ACM, New York},
      YEAR = {2015},
   MRCLASS = {68N15},
  MRNUMBER = {3578625},
}
		
@incollection {MR3392754,
    AUTHOR = {Vazou, Niki and Seidel, Eric L. and Jhala, Ranjit and
              Vytiniotis, Dimitrios and Peyton-Jones, Simon},
     TITLE = {Refinement types for {H}askell},
 BOOKTITLE = {I{CFP}'14---{P}roceedings of the 2014 {ACM} {SIGPLAN}
              {I}nternational {C}onference on {F}unctional {P}rogramming},
     PAGES = {269--282},
 PUBLISHER = {ACM, New York},
      YEAR = {2014},
   MRCLASS = {68N18},
  MRNUMBER = {3392754},
}
		
@incollection {MR3392747,
    AUTHOR = {Breitner, Joachim and Eisenberg, Richard A. and Peyton Jones,
              Simon and Weirich, Stephanie},
     TITLE = {Safe zero-cost coercions for {H}askell},
 BOOKTITLE = {I{CFP}'14---{P}roceedings of the 2014 {ACM} {SIGPLAN}
              {I}nternational {C}onference on {F}unctional {P}rogramming},
     PAGES = {189--202},
 PUBLISHER = {ACM, New York},
      YEAR = {2014},
   MRCLASS = {68N15 (68N17)},
  MRNUMBER = {3392747},
}
		
@incollection {MR3085570,
    AUTHOR = {Vytiniotis, Dimitrios and Peyton Jones, Simon},
     TITLE = {Evidence normalization in system {FC} (invited talk)},
 BOOKTITLE = {24th {I}nternational {C}onference on {R}ewriting {T}echniques
              and {A}pplications},
    SERIES = {LIPIcs. Leibniz Int. Proc. Inform.},
    VOLUME = {21},
     PAGES = {20--38},
 PUBLISHER = {Schloss Dagstuhl. Leibniz-Zent. Inform., Wadern},
      YEAR = {2013},
   MRCLASS = {68N18},
  MRNUMBER = {3085570},
}
		
@article {MR2835146,
    AUTHOR = {Vytiniotis, Dimitrios and Peyton Jones, Simon and Schrijvers,
              Tom and Sulzmann, Martin},
     TITLE = {Outside{I}n({X}): modular type inference with local
              assumptions},
   JOURNAL = {J. Funct. Programming},
  FJOURNAL = {Journal of Functional Programming},
    VOLUME = {21},
      YEAR = {2011},
    NUMBER = {4-5},
     PAGES = {333--412},
      ISSN = {0956-7968},
   MRCLASS = {68N18},
  MRNUMBER = {2835146},
       DOI = {10.1017/S0956796811000098},
       URL = {https://doi-org.colorado.idm.oclc.org/10.1017/S0956796811000098},
}
		
@incollection {MR2874073,
    AUTHOR = {Peyton Jones, Simon and Leshchinskiy, Roman and Keller,
              Gabriele and Chakravarty, Manuel M. T.},
     TITLE = {Harnessing the multicores: nested data parallelism in
              {H}askell},
 BOOKTITLE = {F{STTCS} 2008: {IARCS} {A}nnual {C}onference on {F}oundations
              of {S}oftware {T}echnology and {T}heoretical {C}omputer
              {S}cience},
    SERIES = {LIPIcs. Leibniz Int. Proc. Inform.},
    VOLUME = {2},
     PAGES = {383--414},
 PUBLISHER = {Schloss Dagstuhl. Leibniz-Zent. Inform., Wadern},
      YEAR = {2008},
   MRCLASS = {Expansion},
  MRNUMBER = {2874073},
}
		
@article {MR2365153,
    AUTHOR = {Dyvbig, R. Kent and Peyton Jones, Simon and Sabry, Amr},
     TITLE = {A monadic framework for delimited continuations},
   JOURNAL = {J. Funct. Programming},
  FJOURNAL = {Journal of Functional Programming},
    VOLUME = {17},
      YEAR = {2007},
    NUMBER = {6},
     PAGES = {687--730},
      ISSN = {0956-7968},
   MRCLASS = {68N18},
  MRNUMBER = {2365153},
       DOI = {10.1017/S0956796807006259},
       URL = {https://doi-org.colorado.idm.oclc.org/10.1017/S0956796807006259},
}
		
@article {MR2299115,
    AUTHOR = {Peyton Jones, Simon and Vytiniotis, Dimitrios and Weirich,
              Stephanie and Shields, Mark},
     TITLE = {Practical type inference for arbitrary-rank types},
   JOURNAL = {J. Funct. Programming},
  FJOURNAL = {Journal of Functional Programming},
    VOLUME = {17},
      YEAR = {2007},
    NUMBER = {1},
     PAGES = {1--82},
      ISSN = {0956-7968},
   MRCLASS = {68N18},
  MRNUMBER = {2299115},
       DOI = {10.1017/S0956796806006034},
       URL = {https://doi-org.colorado.idm.oclc.org/10.1017/S0956796806006034},
}
		
@article {MR2253719,
    AUTHOR = {Marlow, Simon and Peyton Jones, Simon},
     TITLE = {Making a fast curry: push/enter vs. eval/apply for
              higher-order languages},
   JOURNAL = {J. Funct. Programming},
  FJOURNAL = {Journal of Functional Programming},
    VOLUME = {16},
      YEAR = {2006},
    NUMBER = {4-5},
     PAGES = {415--449},
      ISSN = {0956-7968},
   MRCLASS = {68N18},
  MRNUMBER = {2253719},
       DOI = {10.1017/S0956796806005995},
       URL = {https://doi-org.colorado.idm.oclc.org/10.1017/S0956796806005995},
}
		
@article {MR1919344,
    AUTHOR = {Peyton Jones, Simon and Marlow, Simon},
     TITLE = {Secrets of the {G}lasgow {H}askell compiler inliner},
   JOURNAL = {J. Funct. Programming},
  FJOURNAL = {Journal of Functional Programming},
    VOLUME = {12},
      YEAR = {2002},
    NUMBER = {4-5},
     PAGES = {393--434},
      ISSN = {0956-7968},
   MRCLASS = {68N18 (68N20)},
  MRNUMBER = {1919344},
       DOI = {10.1017/S0956796802004331},
       URL = {https://doi-org.colorado.idm.oclc.org/10.1017/S0956796802004331},
}
		
@incollection {MR1782817,
    AUTHOR = {Moran, Andrew and Lassen, S\o ren B. and Peyton Jones, Simon},
     TITLE = {Imprecise exceptions, co-inductively},
 BOOKTITLE = {H{OOTS}'99: higher order operational techniques in semantics
              ({P}aris)},
    SERIES = {Electron. Notes Theor. Comput. Sci.},
    VOLUME = {26},
     PAGES = {Paper No. 26010, 20 pp.\},
 PUBLISHER = {Elsevier Sci. B. V., Amsterdam},
      YEAR = {1999},
   MRCLASS = {68N18},
  MRNUMBER = {1782817},
}
		
@article {MR1617191,
    AUTHOR = {Trinder, P. W. and Hammond, K. and Loidl, H.-W. and Peyton
              Jones, S. L.},
     TITLE = {Algorithm {$+$} strategy {$=$} parallelism},
   JOURNAL = {J. Funct. Programming},
  FJOURNAL = {Journal of Functional Programming},
    VOLUME = {8},
      YEAR = {1998},
    NUMBER = {1},
     PAGES = {23--60},
      ISSN = {0956-7968},
   MRCLASS = {68Q10 (68N05)},
  MRNUMBER = {1617191},
       DOI = {10.1017/S0956796897002967},
       URL = {https://doi-org.colorado.idm.oclc.org/10.1017/S0956796897002967},
}
		
@incollection {MR1300459,
    AUTHOR = {Hall, Cordelia and Hammond, Kevin and Peyton Jones, Simon and
              Wadler, Philip},
     TITLE = {Type classes in {H}askell},
 BOOKTITLE = {Programming languages and systems---{ESOP} '94 ({E}dinburgh,
              1994)},
    SERIES = {Lecture Notes in Comput. Sci.},
    VOLUME = {788},
     PAGES = {241--256},
 PUBLISHER = {Springer, Berlin},
      YEAR = {1994},
   MRCLASS = {68Q55 (03B40 03B70)},
  MRNUMBER = {1300459},
       DOI = {10.1007/3-540-57880-3_16},
       URL = {https://doi-org.colorado.idm.oclc.org/10.1007/3-540-57880-3_16},
}
		
@article {MR943113,
    AUTHOR = {Hankin, Chris and Burn, Geoffrey and Peyton Jones, Simon},
     TITLE = {A safe approach to parallel combinator reduction},
   JOURNAL = {Theoret. Comput. Sci.},
  FJOURNAL = {Theoretical Computer Science},
    VOLUME = {56},
      YEAR = {1988},
    NUMBER = {1},
     PAGES = {17--36},
      ISSN = {0304-3975},
   MRCLASS = {68Q55},
  MRNUMBER = {943113},
MRREVIEWER = {Dorothy Bollman},
       DOI = {10.1016/0304-3975(86)90004-6},
       URL = {https://doi-org.colorado.idm.oclc.org/10.1016/0304-3975(86)90004-6},
}
		
@incollection {MR881861,
    AUTHOR = {Peyton Jones, Simon L.},
     TITLE = {An introduction to fully-lazy supercombinators},
 BOOKTITLE = {Combinators and functional programming languages ({V}al
              d'{A}jol, 1985)},
    SERIES = {Lecture Notes in Comput. Sci.},
    VOLUME = {242},
     PAGES = {176--208},
 PUBLISHER = {Springer, Berlin},
      YEAR = {1986},
   MRCLASS = {68N05 (03B40 03B70 68Q55)},
  MRNUMBER = {881861},
       DOI = {10.1007/3-540-17184-3_45},
       URL = {https://doi-org.colorado.idm.oclc.org/10.1007/3-540-17184-3_45},
}
		
