@article {MR3858004,
    AUTHOR = {Mardare, Radu and Panangaden, Prakash and Plotkin, Gordon D.},
     TITLE = {Free complete {W}asserstein algebras},
   JOURNAL = {Log. Methods Comput. Sci.},
  FJOURNAL = {Logical Methods in Computer Science},
    VOLUME = {14},
      YEAR = {2018},
    NUMBER = {3},
     PAGES = {Paper No. 19, 16},
      ISSN = {1860-5974},
   MRCLASS = {68Q55 (06B30 28A33 28A60 60B05)},
  MRNUMBER = {3858004},
}
		
@incollection {MR3776928,
    AUTHOR = {Mardare, Radu and Panangaden, Prakash and Plotkin, Gordon},
     TITLE = {On the axiomatizability of quantitative algebras},
 BOOKTITLE = {2017 32nd {A}nnual {ACM}/{IEEE} {S}ymposium on {L}ogic in
              {C}omputer {S}cience ({LICS})},
     PAGES = {12},
 PUBLISHER = {IEEE, [Piscataway], NJ},
      YEAR = {2017},
   MRCLASS = {03C05 (03C90 60J99)},
  MRNUMBER = {3776928},
}
		
@article {MR3607037,
    AUTHOR = {Keimel, Klaus and Plotkin, Gordon D.},
     TITLE = {Mixed powerdomains for probability and nondeterminism},
   JOURNAL = {Log. Methods Comput. Sci.},
  FJOURNAL = {Logical Methods in Computer Science},
    VOLUME = {13},
      YEAR = {2017},
    NUMBER = {1},
     PAGES = {Paper No. 2, 84},
      ISSN = {1860-5974},
   MRCLASS = {68Q55 (06B30)},
  MRNUMBER = {3607037},
}
		
@inproceedings {MR3776790,
    AUTHOR = {Mardare, Radu and Panangaden, Prakash and Plotkin, Gordon},
     TITLE = {Quantitative algebraic reasoning},
 BOOKTITLE = {Proceedings of the 31st {A}nnual {ACM}-{IEEE} {S}ymposium on
              {L}ogic in {C}omputer {S}cience ({LICS} 2016)},
     PAGES = {10},
 PUBLISHER = {ACM, New York},
      YEAR = {2016},
   MRCLASS = {08B05 (68N15)},
  MRNUMBER = {3776790},
}
		
@incollection {MR3492408,
    AUTHOR = {Ahman, Danel and Ghani, Neil and Plotkin, Gordon D.},
     TITLE = {Dependent types and fibred computational effects},
 BOOKTITLE = {Foundations of software science and computation structures},
    SERIES = {Lecture Notes in Comput. Sci.},
    VOLUME = {9634},
     PAGES = {36--54},
 PUBLISHER = {Springer, Berlin},
      YEAR = {2016},
   MRCLASS = {68N18 (03B15)},
  MRNUMBER = {3492408},
       DOI = {10.1007/978-3-662-49630-5_3},
       URL = {https://doi-org.colorado.idm.oclc.org/10.1007/978-3-662-49630-5_3},
}
		
@incollection {MR3354235,
    AUTHOR = {Abadi, Mart\'{i}n and McSherry, Frank and Plotkin, Gordon D.},
     TITLE = {Foundations of differential dataflow},
 BOOKTITLE = {Foundations of software science and computation structures},
    SERIES = {Lecture Notes in Comput. Sci.},
    VOLUME = {9034},
     PAGES = {71--83},
 PUBLISHER = {Springer, Heidelberg},
      YEAR = {2015},
   MRCLASS = {68Q55},
  MRNUMBER = {3354235},
       DOI = {10.1007/978-3-662-46678-0_5},
       URL = {https://doi-org.colorado.idm.oclc.org/10.1007/978-3-662-46678-0_5},
}
		
@article {MR3285092,
    AUTHOR = {Bruni, Roberto and Montanari, Ugo and Plotkin, Gordon and
              Terreni, Daniele},
     TITLE = {On hierarchical graphs: reconciling bigraphs, gs-monoidal
              theories and gs-graphs},
   JOURNAL = {Fund. Inform.},
  FJOURNAL = {Fundamenta Informaticae},
    VOLUME = {134},
      YEAR = {2014},
    NUMBER = {3-4},
     PAGES = {287--317},
      ISSN = {0169-2968},
   MRCLASS = {68Q85 (05C99 68M14 68R10)},
  MRNUMBER = {3285092},
}
		
@article {MR3233442,
    AUTHOR = {Bauer, Andrej and Plotkin, Gordon D. and Scott, Dana S.},
     TITLE = {Cartesian closed categories of separable {S}cott domains},
   JOURNAL = {Theoret. Comput. Sci.},
  FJOURNAL = {Theoretical Computer Science},
    VOLUME = {546},
      YEAR = {2014},
     PAGES = {17--29},
      ISSN = {0304-3975},
   MRCLASS = {68Q55 (03B40)},
  MRNUMBER = {3233442},
MRREVIEWER = {Xiaoyong Xi},
       DOI = {10.1016/j.tcs.2014.02.042},
       URL = {https://doi-org.colorado.idm.oclc.org/10.1016/j.tcs.2014.02.042},
}
		
@article {MR3167921,
    AUTHOR = {Chaput, Philippe and Danos, Vincent and Panangaden, Prakash
              and Plotkin, Gordon},
     TITLE = {Approximating {M}arkov processes by averaging},
   JOURNAL = {J. ACM},
  FJOURNAL = {Journal of the ACM},
    VOLUME = {61},
      YEAR = {2014},
    NUMBER = {1},
     PAGES = {Art. 5, 45},
      ISSN = {0004-5411},
   MRCLASS = {68Q87 (60J35 68Q85)},
  MRNUMBER = {3167921},
       DOI = {10.1145/2537948},
       URL = {https://doi-org.colorado.idm.oclc.org/10.1145/2537948},
}
		
@article {MR3151670,
    AUTHOR = {Plotkin, Gordon D. and Pretnar, Matija},
     TITLE = {Handling algebraic effects},
   JOURNAL = {Log. Methods Comput. Sci.},
  FJOURNAL = {Logical Methods in Computer Science},
    VOLUME = {9},
      YEAR = {2013},
    NUMBER = {4},
     PAGES = {4:23, 36},
      ISSN = {1860-5974},
   MRCLASS = {68Q65 (18C50)},
  MRNUMBER = {3151670},
       DOI = {10.2168/LMCS-9(4:23)2013},
       URL = {https://doi-org.colorado.idm.oclc.org/10.2168/LMCS-9(4:23)2013},
}
		
@inproceedings {MR3138514,
    AUTHOR = {Abadi, Mart\'{i}n and Planul, J\'{e}r\'{e}my and Plotkin, Gordon},
     TITLE = {Layout randomization and nondeterminism},
 BOOKTITLE = {Proceedings of the {T}wenty-{N}inth {C}onference on the
              {M}athematical {F}oundations of {P}rogramming {S}emantics,
              {MFPS} {XXIX}},
    SERIES = {Electron. Notes Theor. Comput. Sci.},
    VOLUME = {298},
     PAGES = {29--50},
 PUBLISHER = {Elsevier Sci. B. V., Amsterdam},
      YEAR = {2013},
   MRCLASS = {Expansion},
  MRNUMBER = {3138514},
       DOI = {10.1016/j.entcs.2013.09.006},
       URL = {https://doi-org.colorado.idm.oclc.org/10.1016/j.entcs.2013.09.006},
}
		
@inproceedings {MR3138512,
    AUTHOR = {Brookes, Stephen and Pierce, Benjamin and Plotkin, Gordon and
              Scott, Dana},
     TITLE = {Dedication},
 BOOKTITLE = {Proceedings of the {T}wenty-{N}inth {C}onference on the
              {M}athematical {F}oundations of {P}rogramming {S}emantics,
              {MFPS} {XXIX}},
    SERIES = {Electron. Notes Theor. Comput. Sci.},
    VOLUME = {298},
     PAGES = {3--5},
 PUBLISHER = {Elsevier Sci. B. V., Amsterdam},
      YEAR = {2013},
   MRCLASS = {Expansion},
  MRNUMBER = {3138512},
       DOI = {10.1016/j.entcs.2013.09.004},
       URL = {https://doi-org.colorado.idm.oclc.org/10.1016/j.entcs.2013.09.004},
}
		
@incollection {MR3124061,
    AUTHOR = {Plotkin, Gordon D.},
     TITLE = {A calculus of chemical systems},
 BOOKTITLE = {In search of elegance in the theory and practice of
              computation},
    SERIES = {Lecture Notes in Comput. Sci.},
    VOLUME = {8000},
     PAGES = {445--465},
 PUBLISHER = {Springer, Heidelberg},
      YEAR = {2013},
   MRCLASS = {92C42 (68Q85)},
  MRNUMBER = {3124061},
MRREVIEWER = {Ion Petre},
       DOI = {10.1007/978-3-642-41660-6_24},
       URL = {https://doi-org.colorado.idm.oclc.org/10.1007/978-3-642-41660-6_24},
}
		
@incollection {MR3093101,
    AUTHOR = {Plotkin, Gordon},
     TITLE = {Partial recursive functions and finality},
 BOOKTITLE = {Computation, logic, games, and quantum foundations},
    SERIES = {Lecture Notes in Comput. Sci.},
    VOLUME = {7860},
     PAGES = {311-326},
 PUBLISHER = {Springer, Heidelberg},
      YEAR = {2013},
   MRCLASS = {68Q65 (03D10 18C20)},
  MRNUMBER = {3093101},
       DOI = {10.1007/978-3-642-38164-5_21},
       URL = {https://doi-org.colorado.idm.oclc.org/10.1007/978-3-642-38164-5_21},
}
		
@article {MR3032134,
    AUTHOR = {Oury, Nicolas and Plotkin, Gordon},
     TITLE = {Multi-level modelling via stochastic multi-level multiset
              rewriting},
   JOURNAL = {Math. Structures Comput. Sci.},
  FJOURNAL = {Mathematical Structures in Computer Science. A Journal in the
              Applications of Categorical, Algebraic and Geometric Methods
              in Computer Science},
    VOLUME = {23},
      YEAR = {2013},
    NUMBER = {2},
     PAGES = {471--503},
      ISSN = {0960-1295},
   MRCLASS = {92D25 (68Q42)},
  MRNUMBER = {3032134},
       DOI = {10.1017/S0960129512000199},
       URL = {https://doi-org.colorado.idm.oclc.org/10.1017/S0960129512000199},
}
		
@incollection {MR3023135,
    AUTHOR = {Plotkin, Gordon D.},
     TITLE = {Concurrency and the algebraic theory of effects (abstract)},
 BOOKTITLE = {C{ONCUR} 2012---concurrency theory},
    SERIES = {Lecture Notes in Comput. Sci.},
    VOLUME = {7454},
     PAGES = {21--22},
 PUBLISHER = {Springer, Heidelberg},
      YEAR = {2012},
   MRCLASS = {Expansion},
  MRNUMBER = {3023135},
       DOI = {10.1007/978-3-642-32940-1_2},
       URL = {https://doi-org.colorado.idm.oclc.org/10.1007/978-3-642-32940-1_2},
}
		
@article {MR2780878,
    AUTHOR = {Abadi, Mart\'{i}n and Plotkin, Gordon D.},
     TITLE = {A model of cooperative threads [reprint of MR2729599]},
   JOURNAL = {Log. Methods Comput. Sci.},
  FJOURNAL = {Logical Methods in Computer Science},
      YEAR = {2010},
    NUMBER = {Special issue of the Symposium on Principles of Programming
              Languages 2009},
     PAGES = {4:2, 39},
      ISSN = {1860-5974},
   MRCLASS = {68Q85},
  MRNUMBER = {2780878},
}
		
@article {MR2729599,
    AUTHOR = {Abadi, Mart\'{i}n and Plotkin, Gordon D.},
     TITLE = {A model of cooperative threads},
   JOURNAL = {Log. Methods Comput. Sci.},
  FJOURNAL = {Logical Methods in Computer Science},
    VOLUME = {6},
      YEAR = {2010},
    NUMBER = {4},
     PAGES = {4:2, 39},
      ISSN = {1860-5974},
   MRCLASS = {68Q55},
  MRNUMBER = {2729599},
       DOI = {10.2168/LMCS-6(4:2)2010},
       URL = {https://doi-org.colorado.idm.oclc.org/10.2168/LMCS-6(4:2)2010},
}
		
@book {MR3059449,
    AUTHOR = {Tix, Regina and Keimel, Klaus and Plotkin, Gordon},
     TITLE = {Electronic notes in theoretical computer science. {V}ol. 222},
    SERIES = {Electronic Notes in Theoretical Computer Science},
    VOLUME = {222},
 PUBLISHER = {Elsevier Science B.V., Amsterdam},
      YEAR = {2009},
     PAGES = {front matter+99},
   MRCLASS = {68Q55},
  MRNUMBER = {3059449},
}
		
@incollection {MR2877904,
    AUTHOR = {Tix, Regina and Keimel, Klaus and Plotkin, Gordon},
     TITLE = {Semantic domains for combining probability and non-determinism
              [corrected reprint of MR2210188]},
 BOOKTITLE = {Electronic notes in theoretical computer science. {V}ol. 222},
    SERIES = {Electron. Notes Theor. Comput. Sci.},
    VOLUME = {222},
     PAGES = {3--99},
 PUBLISHER = {Elsevier Sci. B. V., Amsterdam},
      YEAR = {2009},
   MRCLASS = {68Q55},
  MRNUMBER = {2877904},
       DOI = {10.1016/j.entcs.2009.01.002},
       URL = {https://doi-org.colorado.idm.oclc.org/10.1016/j.entcs.2009.01.002},
}
		
@incollection {MR2877903,
    AUTHOR = {Tix, R. and Keimel, K. and Plotkin, G. D.},
     TITLE = {Retraction notice to ``{S}emantic domains for combining
              probability and non-determinism'' [{E}lectron. {N}otes
              {T}heoret. {C}omput. {S}ci. 129 (2005) 1--104] [MR2210188]},
 BOOKTITLE = {Electronic notes in theoretical computer science. {V}ol. 222},
    SERIES = {Electron. Notes Theor. Comput. Sci.},
    VOLUME = {222},
     PAGES = {1},
 PUBLISHER = {Elsevier Sci. B. V., Amsterdam},
      YEAR = {2009},
   MRCLASS = {68Q55},
  MRNUMBER = {2877903},
       DOI = {10.1016/j.entcs.2009.01.001},
       URL = {https://doi-org.colorado.idm.oclc.org/10.1016/j.entcs.2009.01.001},
}
		
@incollection {MR2557827,
    AUTHOR = {Chaput, Philippe and Danos, Vincent and Panangaden, Prakash
              and Plotkin, Gordon},
     TITLE = {Approximating labelled {M}arkov processes again!},
 BOOKTITLE = {Algebra and coalgebra in computer science},
    SERIES = {Lecture Notes in Comput. Sci.},
    VOLUME = {5728},
     PAGES = {145--156},
 PUBLISHER = {Springer, Berlin},
      YEAR = {2009},
   MRCLASS = {68Q85 (68Q87)},
  MRNUMBER = {2557827},
       DOI = {10.1007/978-3-642-03741-2_11},
       URL = {https://doi-org.colorado.idm.oclc.org/10.1007/978-3-642-03741-2_11},
}
		
@article {MR2554560,
    AUTHOR = {van Glabbeek, R. J. and Plotkin, G. D.},
     TITLE = {Configuration structures, event structures and {P}etri nets},
   JOURNAL = {Theoret. Comput. Sci.},
  FJOURNAL = {Theoretical Computer Science},
    VOLUME = {410},
      YEAR = {2009},
    NUMBER = {41},
     PAGES = {4111--4159},
      ISSN = {0304-3975},
   MRCLASS = {68Q85 (68Q99)},
  MRNUMBER = {2554560},
MRREVIEWER = {Stefan Haar},
       DOI = {10.1016/j.tcs.2009.06.014},
       URL = {https://doi-org.colorado.idm.oclc.org/10.1016/j.tcs.2009.06.014},
}
		
@incollection {MR2544790,
    AUTHOR = {Chaput, Philippe and Danos, Vincent and Panangaden, Prakash
              and Plotkin, Gordon},
     TITLE = {Approximating {M}arkov processes by averaging},
 BOOKTITLE = {Automata, languages and programming. {P}art {II}},
    SERIES = {Lecture Notes in Comput. Sci.},
    VOLUME = {5556},
     PAGES = {127--138},
 PUBLISHER = {Springer, Berlin},
      YEAR = {2009},
   MRCLASS = {68Q60 (60J25 68Q87)},
  MRNUMBER = {2544790},
       DOI = {10.1007/978-3-642-02930-1_11},
       URL = {https://doi-org.colorado.idm.oclc.org/10.1007/978-3-642-02930-1_11},
}
		
@article {MR2514959,
    AUTHOR = {Honsell, Furio and Plotkin, Gordon},
     TITLE = {On the completeness of order-theoretic models of the
              {$\lambda$}-calculus},
   JOURNAL = {Inform. and Comput.},
  FJOURNAL = {Information and Computation},
    VOLUME = {207},
      YEAR = {2009},
    NUMBER = {5},
     PAGES = {583--594},
      ISSN = {0890-5401},
   MRCLASS = {03B40},
  MRNUMBER = {2514959},
MRREVIEWER = {Martin W. Bunder},
       DOI = {10.1016/j.ic.2008.03.027},
       URL = {https://doi-org.colorado.idm.oclc.org/10.1016/j.ic.2008.03.027},
}
		
@article {MR2507347,
    AUTHOR = {Keimel, Klaus and Plotkin, Gordon D.},
     TITLE = {Predicate transformers for extended probability and
              non-determinism},
   JOURNAL = {Math. Structures Comput. Sci.},
  FJOURNAL = {Mathematical Structures in Computer Science. A Journal in the
              Applications of Categorical, Algebraic and Geometric Methods
              in Computer Science},
    VOLUME = {19},
      YEAR = {2009},
    NUMBER = {3},
     PAGES = {501--539},
      ISSN = {0960-1295},
   MRCLASS = {68Q60},
  MRNUMBER = {2507347},
       DOI = {10.1017/S0960129509007555},
       URL = {https://doi-org.colorado.idm.oclc.org/10.1017/S0960129509007555},
}
		
@incollection {MR2478788,
    AUTHOR = {Hasegawa, Masahito and Hofmann, Martin and Plotkin, Gordon},
     TITLE = {Finite dimensional vector spaces are complete for traced
              symmetric monoidal categories},
 BOOKTITLE = {Pillars of computer science},
    SERIES = {Lecture Notes in Comput. Sci.},
    VOLUME = {4800},
     PAGES = {367--385},
 PUBLISHER = {Springer, Berlin},
      YEAR = {2008},
   MRCLASS = {18D10 (68M10 68Q55 90B10)},
  MRNUMBER = {2478788},
MRREVIEWER = {Stefan Milius},
       DOI = {10.1007/978-3-540-78127-1_20},
       URL = {https://doi-org.colorado.idm.oclc.org/10.1007/978-3-540-78127-1_20},
}
		
@article {MR2317318,
    AUTHOR = {Hyland, Martin and Levy, Paul Blain and Plotkin, Gordon and
              Power, John},
     TITLE = {Combining algebraic effects with continuations},
   JOURNAL = {Theoret. Comput. Sci.},
  FJOURNAL = {Theoretical Computer Science},
    VOLUME = {375},
      YEAR = {2007},
    NUMBER = {1-3},
     PAGES = {20--40},
      ISSN = {0304-3975},
   MRCLASS = {68N15 (68Q55)},
  MRNUMBER = {2317318},
       DOI = {10.1016/j.tcs.2006.12.026},
       URL = {https://doi-org.colorado.idm.oclc.org/10.1016/j.tcs.2006.12.026},
}
		
@incollection {MR2281331,
    AUTHOR = {Plotkin, Gordon},
     TITLE = {Some varieties of equational logic (extended abstract)},
 BOOKTITLE = {Algebra, meaning, and computation},
    SERIES = {Lecture Notes in Comput. Sci.},
    VOLUME = {4060},
     PAGES = {110--156},
 PUBLISHER = {Springer, Berlin},
      YEAR = {2006},
   MRCLASS = {08B05 (03C05)},
  MRNUMBER = {2281331},
}
		
@article {MR2242758,
    AUTHOR = {Hyland, Martin and Plotkin, Gordon and Power, John},
     TITLE = {Combining effects: sum and tensor},
   JOURNAL = {Theoret. Comput. Sci.},
  FJOURNAL = {Theoretical Computer Science},
    VOLUME = {357},
      YEAR = {2006},
    NUMBER = {1-3},
     PAGES = {70--99},
      ISSN = {0304-3975},
   MRCLASS = {68Q55 (18C10 18C50 68Q05)},
  MRNUMBER = {2242758},
MRREVIEWER = {Anna Labella},
       DOI = {10.1016/j.tcs.2006.03.013},
       URL = {https://doi-org.colorado.idm.oclc.org/10.1016/j.tcs.2006.03.013},
}
		
@article {MR2228939,
    AUTHOR = {Plotkin, Gordon},
     TITLE = {A domain-theoretic {B}anach-{A}laoglu theorem},
   JOURNAL = {Math. Structures Comput. Sci.},
  FJOURNAL = {Mathematical Structures in Computer Science. A Journal in the
              Applications of Categorical, Algebraic and Geometric Methods
              in Computer Science},
    VOLUME = {16},
      YEAR = {2006},
    NUMBER = {2},
     PAGES = {299--311},
      ISSN = {0960-1295},
   MRCLASS = {54H99 (46A20 68Q55)},
  MRNUMBER = {2228939},
       DOI = {10.1017/S0960129506005172},
       URL = {https://doi-org.colorado.idm.oclc.org/10.1017/S0960129506005172},
}
		
@book {MR2210188,
    AUTHOR = {Tix, Regina and Keimel, Klaus and Plotkin, Gordon},
     TITLE = {Semantic domains for combining probability and
              non-determinism},
    SERIES = {Electronic Notes in Theoretical Computer Science},
    VOLUME = {129},
 PUBLISHER = {Elsevier Science B.V., Amsterdam},
      YEAR = {2005},
     PAGES = {front matter+104},
   MRCLASS = {68Q55},
  MRNUMBER = {2210188},
}
		
@incollection {MR2143169,
    AUTHOR = {van Glabbeek, Rob and Plotkin, Gordon},
     TITLE = {Event structures for resolvable conflict},
 BOOKTITLE = {Mathematical foundations of computer science 2004},
    SERIES = {Lecture Notes in Comput. Sci.},
    VOLUME = {3153},
     PAGES = {550--561},
 PUBLISHER = {Springer, Berlin},
      YEAR = {2004},
   MRCLASS = {68Q85},
  MRNUMBER = {2143169},
       DOI = {10.1007/978-3-540-28629-5_42},
       URL = {https://doi-org.colorado.idm.oclc.org/10.1007/978-3-540-28629-5_42},
}
		
@article {MR2067228,
    AUTHOR = {Plotkin, Gordon D.},
     TITLE = {A structural approach to operational semantics},
   JOURNAL = {J. Log. Algebr. Program.},
  FJOURNAL = {The Journal of Logic and Algebraic Programming},
    VOLUME = {60/61},
      YEAR = {2004},
     PAGES = {17--139},
      ISSN = {1567-8326},
   MRCLASS = {68-03 (68N15 68Q45 68Q55)},
  MRNUMBER = {2067228},
MRREVIEWER = {Manfred Broy},
       DOI = {10.1016/j.jlap.2004.03.009},
       URL = {https://doi-org.colorado.idm.oclc.org/10.1016/j.jlap.2004.03.009},
}
		
@article {MR2067227,
    AUTHOR = {Plotkin, Gordon D.},
     TITLE = {The origins of structural operational semantics},
   JOURNAL = {J. Log. Algebr. Program.},
  FJOURNAL = {The Journal of Logic and Algebraic Programming},
    VOLUME = {60/61},
      YEAR = {2004},
     PAGES = {3--15},
      ISSN = {1567-8326},
   MRCLASS = {68-03 (03B40 68N15 68Q55 68Q85)},
  MRNUMBER = {2067227},
MRREVIEWER = {Manfred Broy},
       DOI = {10.1016/j.jlap.2004.03.009},
       URL = {https://doi-org.colorado.idm.oclc.org/10.1016/j.jlap.2004.03.009},
}
		
@article {MR1993110,
    AUTHOR = {Plotkin, Gordon and Power, John},
     TITLE = {Algebraic operations and generic effects},
      NOTE = {On formal description of computations---refined structures and
              new trends (Cork, 2000)},
   JOURNAL = {Appl. Categ. Structures},
  FJOURNAL = {Applied Categorical Structures. A Journal Devoted to
              Applications of Categorical Methods in Algebra, Analysis,
              Order, Topology and Computer Science},
    VOLUME = {11},
      YEAR = {2003},
    NUMBER = {1},
     PAGES = {69--94},
      ISSN = {0927-2852},
   MRCLASS = {18C50 (18D10 68N18 68Q55)},
  MRNUMBER = {1993110},
       DOI = {10.1023/A:1023064908962},
       URL = {https://doi-org.colorado.idm.oclc.org/10.1023/A:1023064908962},
}
		
@incollection {MR1965562,
    AUTHOR = {Plotkin, Gordon and Power, John},
     TITLE = {Notions of computation determine monads},
 BOOKTITLE = {Foundations of software science and computation structures
              ({G}renoble, 2002)},
    SERIES = {Lecture Notes in Comput. Sci.},
    VOLUME = {2303},
     PAGES = {342--356},
 PUBLISHER = {Springer, Berlin},
      YEAR = {2002},
   MRCLASS = {68Q55 (18C50)},
  MRNUMBER = {1965562},
       DOI = {10.1007/3-540-45931-6_24},
       URL = {https://doi-org.colorado.idm.oclc.org/10.1007/3-540-45931-6_24},
}
		
@incollection {MR1890748,
    AUTHOR = {Plotkin, Gordon and Power, John},
     TITLE = {Adequacy for algebraic effects},
 BOOKTITLE = {Foundations of software science and computation structures
              ({G}enova, 2001)},
    SERIES = {Lecture Notes in Comput. Sci.},
    VOLUME = {2030},
     PAGES = {1--24},
 PUBLISHER = {Springer, Berlin},
      YEAR = {2001},
   MRCLASS = {68N18 (03B40)},
  MRNUMBER = {1890748},
       DOI = {10.1007/3-540-45315-6_1},
       URL = {https://doi-org.colorado.idm.oclc.org/10.1007/3-540-45315-6_1},
}
		
@incollection {MR1946083,
    AUTHOR = {Simpson, Alex and Plotkin, Gordon},
     TITLE = {Complete axioms for categorical fixed-point operators},
 BOOKTITLE = {15th {A}nnual {IEEE} {S}ymposium on {L}ogic in {C}omputer
              {S}cience ({S}anta {B}arbara, {CA}, 2000)},
     PAGES = {30--41},
 PUBLISHER = {IEEE Comput. Soc. Press, Los Alamitos, CA},
      YEAR = {2000},
   MRCLASS = {68Q55 (03B40 03B70 18C50 68N18)},
  MRNUMBER = {1946083},
       DOI = {10.1109/LICS.2000.855753},
       URL = {https://doi-org.colorado.idm.oclc.org/10.1109/LICS.2000.855753},
}
		
@incollection {MR1795888,
    AUTHOR = {Plotkin, Gordon and Power, John},
     TITLE = {Lax logical relations},
 BOOKTITLE = {Automata, languages and programming ({G}eneva, 2000)},
    SERIES = {Lecture Notes in Comput. Sci.},
    VOLUME = {1853},
     PAGES = {85--102},
 PUBLISHER = {Springer, Berlin},
      YEAR = {2000},
   MRCLASS = {03B70 (03B40 68N18)},
  MRNUMBER = {1795888},
       DOI = {10.1007/3-540-45022-X_9},
       URL = {https://doi-org.colorado.idm.oclc.org/10.1007/3-540-45022-X_9},
}
		
@incollection {MR1773450,
    AUTHOR = {Curien, Pierre-Louis and Plotkin, Gordon and Winskel, Glynn},
     TITLE = {Bistructures, bidomains, and linear logic},
 BOOKTITLE = {Proof, language, and interaction},
    SERIES = {Found. Comput. Ser.},
     PAGES = {21--54},
 PUBLISHER = {MIT Press, Cambridge, MA},
      YEAR = {2000},
   MRCLASS = {68Q55 (03F52)},
  MRNUMBER = {1773450},
MRREVIEWER = {R. Gylys},
}
		
@incollection {MR1773449,
    AUTHOR = {Plotkin, Gordon and Stirling, Colin and Tofte, Mads},
     TITLE = {A brief scientific biography of {R}obin {M}ilner},
 BOOKTITLE = {Proof, language, and interaction},
    SERIES = {Found. Comput. Ser.},
     PAGES = {1--17},
 PUBLISHER = {MIT Press, Cambridge, MA},
      YEAR = {2000},
   MRCLASS = {01A70},
  MRNUMBER = {1773449},
}
		
@incollection {MR1943418,
    AUTHOR = {Devarajan, Harish and Hughes, Dominic and Plotkin, Gordon and
              Pratt, Vaughan},
     TITLE = {Full completeness of the multiplicative linear logic of {C}hu
              spaces},
 BOOKTITLE = {14th {S}ymposium on {L}ogic in {C}omputer {S}cience ({T}rento,
              1999)},
     PAGES = {234--243},
 PUBLISHER = {IEEE Computer Soc., Los Alamitos, CA},
      YEAR = {1999},
   MRCLASS = {03F52 (03B70 03G30)},
  MRNUMBER = {1943418},
       DOI = {10.1109/LICS.1999.782619},
       URL = {https://doi-org.colorado.idm.oclc.org/10.1109/LICS.1999.782619},
}
		
@incollection {MR1943414,
    AUTHOR = {Fiore, Marcelo and Plotkin, Gordon and Turi, Daniele},
     TITLE = {Abstract syntax and variable binding (extended abstract)},
 BOOKTITLE = {14th {S}ymposium on {L}ogic in {C}omputer {S}cience ({T}rento,
              1999)},
     PAGES = {193--202},
 PUBLISHER = {IEEE Computer Soc., Los Alamitos, CA},
      YEAR = {1999},
   MRCLASS = {68Q65},
  MRNUMBER = {1943414},
       DOI = {10.1109/LICS.1999.782615},
       URL = {https://doi-org.colorado.idm.oclc.org/10.1109/LICS.1999.782615},
}
		
@article {MR1682049,
    AUTHOR = {Plotkin, Gordon},
     TITLE = {Full abstraction, totality and {PCF}},
   JOURNAL = {Math. Structures Comput. Sci.},
  FJOURNAL = {Mathematical Structures in Computer Science. A Journal in the
              Applications of Categorical, Algebraic and Geometric Methods
              in Computer Science},
    VOLUME = {9},
      YEAR = {1999},
    NUMBER = {1},
     PAGES = {1--20},
      ISSN = {0960-1295},
   MRCLASS = {68Q55 (06B35)},
  MRNUMBER = {1682049},
MRREVIEWER = {Chris Brink},
       DOI = {10.1017/S0960129598002692},
       URL = {https://doi-org.colorado.idm.oclc.org/10.1017/S0960129598002692},
}
		
@incollection {MR1727805,
    AUTHOR = {Barber, Andrew and Gardner, Philippa and Hasegawa, Masahito
              and Plotkin, Gordon},
     TITLE = {From action calculi to linear logic},
 BOOKTITLE = {Computer science logic ({A}arhus, 1997)},
    SERIES = {Lecture Notes in Comput. Sci.},
    VOLUME = {1414},
     PAGES = {78--97},
 PUBLISHER = {Springer, Berlin},
      YEAR = {1998},
   MRCLASS = {03F52 (68Q85)},
  MRNUMBER = {1727805},
       DOI = {10.1007/BFb0028008},
       URL = {https://doi-org.colorado.idm.oclc.org/10.1007/BFb0028008},
}
		
@incollection {MR1682623,
    AUTHOR = {Longley, John and Plotkin, Gordon},
     TITLE = {Logical full abstraction and {PCF}},
 BOOKTITLE = {The {T}bilisi {S}ymposium on {L}ogic, {L}anguage and
              {C}omputation: selected papers ({G}udauri, 1995)},
    SERIES = {Stud. Logic Lang. Inform.},
     PAGES = {333--352},
 PUBLISHER = {CSLI Publ., Stanford, CA},
      YEAR = {1998},
   MRCLASS = {68N15 (68Q55)},
  MRNUMBER = {1682623},
MRREVIEWER = {Vladimiro Sassone},
}
		
@incollection {MR1611495,
    AUTHOR = {Fiore, Marcelo P. and Plotkin, Gordon D.},
     TITLE = {An extension of models of axiomatic domain theory to models of
              synthetic domain theory},
 BOOKTITLE = {Computer science logic ({U}trecht, 1996)},
    SERIES = {Lecture Notes in Comput. Sci.},
    VOLUME = {1258},
     PAGES = {129--149},
 PUBLISHER = {Springer, Berlin},
      YEAR = {1997},
   MRCLASS = {03G30 (68Q55)},
  MRNUMBER = {1611495},
       DOI = {10.1007/3-540-63172-0_36},
       URL = {https://doi-org.colorado.idm.oclc.org/10.1007/3-540-63172-0_36},
}
		
@incollection {MR1440892,
    AUTHOR = {Plotkin, Gordon and Pratt, Vaughan},
     TITLE = {Teams can see pomsets (preliminary version)},
 BOOKTITLE = {Partial order methods in verification ({P}rinceton, {NJ},
              1996)},
    SERIES = {DIMACS Ser. Discrete Math. Theoret. Comput. Sci.},
    VOLUME = {29},
     PAGES = {117--128},
 PUBLISHER = {Amer. Math. Soc., Providence, RI},
      YEAR = {1997},
   MRCLASS = {68Q55},
  MRNUMBER = {1440892},
}
		
@article {MR1389375,
    AUTHOR = {Plotkin, Gordon},
     TITLE = {On a question of {H}. {F}riedman},
   JOURNAL = {Inform. and Comput.},
  FJOURNAL = {Information and Computation},
    VOLUME = {126},
      YEAR = {1996},
    NUMBER = {1},
     PAGES = {74--77},
      ISSN = {0890-5401},
   MRCLASS = {03B40 (68Q55)},
  MRNUMBER = {1389375},
MRREVIEWER = {Alessandro Berarducci},
       DOI = {10.1006/inco.1996.0035},
       URL = {https://doi-org.colorado.idm.oclc.org/10.1006/inco.1996.0035},
}
		
@article {MR1346058,
    AUTHOR = {Di Gianantonio, Pietro and Honsell, Furio and Plotkin, Gordon},
     TITLE = {Uncountable limits and the lambda calculus},
   JOURNAL = {Nordic J. Comput.},
  FJOURNAL = {Nordic Journal of Computing},
    VOLUME = {2},
      YEAR = {1995},
    NUMBER = {2},
     PAGES = {126--145},
      ISSN = {1236-6064},
   MRCLASS = {68Q55 (03B40 06B35)},
  MRNUMBER = {1346058},
MRREVIEWER = {Eugenio Moggi},
}
		
@incollection {MR1334119,
    AUTHOR = {Plotkin, Gordon and Winskel, Glynn},
     TITLE = {Bistructures, bidomains and linear logic},
 BOOKTITLE = {Automata, languages and programming ({J}erusalem, 1994)},
    SERIES = {Lecture Notes in Comput. Sci.},
    VOLUME = {820},
     PAGES = {352--363},
 PUBLISHER = {Springer, Berlin},
      YEAR = {1994},
   MRCLASS = {03F50 (03B70 06B35)},
  MRNUMBER = {1334119},
       DOI = {10.1007/3-540-58201-0_81},
       URL = {https://doi-org.colorado.idm.oclc.org/10.1007/3-540-58201-0_81},
}
		
@incollection {MR1322969,
    AUTHOR = {Di Gianantonio, Pietro and Honsell, Furio and Liani, Silvia
              and Plotkin, Gordon D.},
     TITLE = {Countable non-determinism and uncountable limits},
 BOOKTITLE = {C{ONCUR} '94: concurrency theory ({U}ppsala, 1994)},
    SERIES = {Lecture Notes in Comput. Sci.},
    VOLUME = {836},
     PAGES = {130--145},
 PUBLISHER = {Springer, Berlin},
      YEAR = {1994},
   MRCLASS = {68Q55 (03B40 68Q10)},
  MRNUMBER = {1322969},
       DOI = {10.1007/BFb0015004},
       URL = {https://doi-org.colorado.idm.oclc.org/10.1007/BFb0015004},
}
		
@article {MR1269377,
    AUTHOR = {Plotkin, Gordon},
     TITLE = {A semantics for static type inference},
      NOTE = {International Conference on Theoretical Aspects of Computer
              Software (TACS '91) (Sendai, 1991)},
   JOURNAL = {Inform. and Comput.},
  FJOURNAL = {Information and Computation},
    VOLUME = {109},
      YEAR = {1994},
    NUMBER = {1-2},
     PAGES = {256--299},
      ISSN = {0890-5401},
   MRCLASS = {03B40 (03B70 68Q55)},
  MRNUMBER = {1269377},
MRREVIEWER = {Ines Margaria},
       DOI = {10.1006/inco.1994.1018},
       URL = {https://doi-org.colorado.idm.oclc.org/10.1006/inco.1994.1018},
}
		
@article {MR1249549,
    AUTHOR = {Plotkin, Gordon D.},
     TITLE = {Set-theoretical and other elementary models of the
              {$\lambda$}-calculus},
      NOTE = {A collection of contributions in honour of Corrado B\"{o}hm on the
              occasion of his 70th birthday},
   JOURNAL = {Theoret. Comput. Sci.},
  FJOURNAL = {Theoretical Computer Science},
    VOLUME = {121},
      YEAR = {1993},
    NUMBER = {1-2},
     PAGES = {351--409},
      ISSN = {0304-3975},
   MRCLASS = {03B40},
  MRNUMBER = {1249549},
MRREVIEWER = {Alessandro Berarducci},
       DOI = {10.1016/0304-3975(93)90094-A},
       URL = {https://doi-org.colorado.idm.oclc.org/10.1016/0304-3975(93)90094-A},
}
		
@article {MR1249545,
    AUTHOR = {Kahn, G. and Plotkin, G. D.},
     TITLE = {Concrete domains},
      NOTE = {With a historical introduction by Stephen Brookes,
              A collection of contributions in honour of Corrado B\"{o}hm on the
              occasion of his 70th birthday},
   JOURNAL = {Theoret. Comput. Sci.},
  FJOURNAL = {Theoretical Computer Science},
    VOLUME = {121},
      YEAR = {1993},
    NUMBER = {1-2},
     PAGES = {179--277},
      ISSN = {0304-3975},
   MRCLASS = {68Q55 (06B35)},
  MRNUMBER = {1249545},
MRREVIEWER = {Dietrich Kuske},
       DOI = {10.1016/0304-3975(93)90090-G},
       URL = {https://doi-org.colorado.idm.oclc.org/10.1016/0304-3975(93)90090-G},
}
		
@incollection {MR1233160,
    AUTHOR = {Plotkin, Gordon and Abadi, Mart\'{i}n},
     TITLE = {A logic for parametric polymorphism},
 BOOKTITLE = {Typed lambda calculi and applications ({U}trecht, 1993)},
    SERIES = {Lecture Notes in Comput. Sci.},
    VOLUME = {664},
     PAGES = {361--375},
 PUBLISHER = {Springer, Berlin},
      YEAR = {1993},
   MRCLASS = {68Q55 (03B70 68Q65)},
  MRNUMBER = {1233160},
       DOI = {10.1007/BFb0037118},
       URL = {https://doi-org.colorado.idm.oclc.org/10.1007/BFb0037118},
}
		
@article {MR1225479,
    AUTHOR = {Reynolds, John C. and Plotkin, Gordon D.},
     TITLE = {On functors expressible in the polymorphic typed lambda
              calculus},
   JOURNAL = {Inform. and Comput.},
  FJOURNAL = {Information and Computation},
    VOLUME = {105},
      YEAR = {1993},
    NUMBER = {1},
     PAGES = {1--29},
      ISSN = {0890-5401},
   MRCLASS = {03B40 (18G99 68Q55)},
  MRNUMBER = {1225479},
MRREVIEWER = {Edmund Robinson},
       DOI = {10.1006/inco.1993.1037},
       URL = {https://doi-org.colorado.idm.oclc.org/10.1006/inco.1993.1037},
}
		
@article {MR1224510,
    AUTHOR = {Abadi, Mart\'{i}n and Plotkin, Gordon D.},
     TITLE = {A logical view of composition},
      NOTE = {3rd Workshop on Concurrency and Compositionality (Goslar,
              1991)},
   JOURNAL = {Theoret. Comput. Sci.},
  FJOURNAL = {Theoretical Computer Science},
    VOLUME = {114},
      YEAR = {1993},
    NUMBER = {1},
     PAGES = {3--30},
      ISSN = {0304-3975},
   MRCLASS = {68Q60 (03B70)},
  MRNUMBER = {1224510},
MRREVIEWER = {Ana Pasztor},
       DOI = {10.1016/0304-3975(93)90151-I},
       URL = {https://doi-org.colorado.idm.oclc.org/10.1016/0304-3975(93)90151-I},
}
		
@article {MR1202142,
    AUTHOR = {Harper, Robert and Honsell, Furio and Plotkin, Gordon},
     TITLE = {A framework for defining logics},
   JOURNAL = {J. Assoc. Comput. Mach.},
  FJOURNAL = {Journal of the Association for Computing Machinery},
    VOLUME = {40},
      YEAR = {1993},
    NUMBER = {1},
     PAGES = {143--184},
      ISSN = {0004-5411},
   MRCLASS = {68Q60 (03B40 03B70 68T15)},
  MRNUMBER = {1202142},
       DOI = {10.1145/138027.138060},
       URL = {https://doi-org.colorado.idm.oclc.org/10.1145/138027.138060},
}
		
@incollection {MR1148145,
    AUTHOR = {Plotkin, Gordon},
     TITLE = {A semantics for type checking},
 BOOKTITLE = {Theoretical aspects of computer software ({S}endai, 1991)},
    SERIES = {Lecture Notes in Comput. Sci.},
    VOLUME = {526},
     PAGES = {1--17},
 PUBLISHER = {Springer, Berlin},
      YEAR = {1991},
   MRCLASS = {68Q55 (03B40 03B70)},
  MRNUMBER = {1148145},
       DOI = {10.1007/3-540-54415-1_38},
       URL = {https://doi-org.colorado.idm.oclc.org/10.1007/3-540-54415-1_38},
}
		
@article {MR1122507,
    AUTHOR = {Abadi, Mart\'{i}n and Pierce, Benjamin and Plotkin, Gordon},
     TITLE = {Faithful ideal models for recursive polymorphic types},
   JOURNAL = {Internat. J. Found. Comput. Sci.},
  FJOURNAL = {International Journal of Foundations of Computer Science},
    VOLUME = {2},
      YEAR = {1991},
    NUMBER = {1},
     PAGES = {1--21},
      ISSN = {0129-0541},
   MRCLASS = {68Q55 (03B70 06B35)},
  MRNUMBER = {1122507},
MRREVIEWER = {Peter Bachmann},
       DOI = {10.1142/S0129054191000029},
       URL = {https://doi-org.colorado.idm.oclc.org/10.1142/S0129054191000029},
}
		
@incollection {MR1260730,
    AUTHOR = {Plotkin, Gordon},
     TITLE = {An illative theory of relations},
 BOOKTITLE = {Situation theory and its applications, {V}ol. 1 ({A}silomar,
              {CA}, 1989)},
    SERIES = {CSLI Lecture Notes},
    VOLUME = {22},
     PAGES = {133--146},
 PUBLISHER = {Stanford Univ., Stanford, CA},
      YEAR = {1990},
   MRCLASS = {03B60 (03B65)},
  MRNUMBER = {1260730},
}
		
@incollection {MR1099188,
    AUTHOR = {Abadi, M. and Plotkin, G. D.},
     TITLE = {A per model of polymorphism and recursive types},
 BOOKTITLE = {Fifth {A}nnual {IEEE} {S}ymposium on {L}ogic in {C}omputer
              {S}cience ({P}hiladelphia, {PA}, 1990)},
     PAGES = {355--365},
 PUBLISHER = {IEEE Comput. Soc. Press, Los Alamitos, CA},
      YEAR = {1990},
   MRCLASS = {68Q55 (03B40)},
  MRNUMBER = {1099188},
       DOI = {10.1109/LICS.1990.113761},
       URL = {https://doi-org.colorado.idm.oclc.org/10.1109/LICS.1990.113761},
}
		
@incollection {MR911920,
    AUTHOR = {Hennessy, M. and Plotkin, G.},
     TITLE = {Finite conjunctive nondeterminism (extended abstract)},
 BOOKTITLE = {Concurrency and nets},
     PAGES = {233--244},
 PUBLISHER = {Springer, Berlin},
      YEAR = {1987},
   MRCLASS = {68Q10 (68Q55)},
  MRNUMBER = {911920},
}
		
@article {MR873260,
    AUTHOR = {Mosses, Peter D. and Plotkin, Gordon D.},
     TITLE = {On proving limiting completeness},
   JOURNAL = {SIAM J. Comput.},
  FJOURNAL = {SIAM Journal on Computing},
    VOLUME = {16},
      YEAR = {1987},
    NUMBER = {1},
     PAGES = {179--194},
      ISSN = {0097-5397},
   MRCLASS = {68Q55 (03B40 03B70)},
  MRNUMBER = {873260},
MRREVIEWER = {M. Coppo},
       DOI = {10.1137/0216015},
       URL = {https://doi-org.colorado.idm.oclc.org/10.1137/0216015},
}
		
@article {MR864747,
    AUTHOR = {MacQueen, David and Plotkin, Gordon and Sethi, Ravi},
     TITLE = {An ideal model for recursive polymorphic types},
   JOURNAL = {Inform. and Control},
  FJOURNAL = {Information and Control},
    VOLUME = {71},
      YEAR = {1986},
    NUMBER = {1-2},
     PAGES = {95--130},
      ISSN = {0019-9958},
   MRCLASS = {68Q55 (03B40 03B70 68Q65)},
  MRNUMBER = {864747},
MRREVIEWER = {Jos\'{e} Meseguer},
       DOI = {10.1016/S0019-9958(86)80019-5},
       URL = {https://doi-org.colorado.idm.oclc.org/10.1016/S0019-9958(86)80019-5},
}
		
@article {MR860524,
    AUTHOR = {Apt, K. R. and Plotkin, G. D.},
     TITLE = {Countable nondeterminism and random assignment},
   JOURNAL = {J. Assoc. Comput. Mach.},
  FJOURNAL = {Journal of the Association for Computing Machinery},
    VOLUME = {33},
      YEAR = {1986},
    NUMBER = {4},
     PAGES = {724--767},
      ISSN = {0004-5411},
   MRCLASS = {68Q55 (03B70 03D15 68Q60)},
  MRNUMBER = {860524},
MRREVIEWER = {Manfred Broy},
       DOI = {10.1145/6490.6494},
       URL = {https://doi-org.colorado.idm.oclc.org/10.1145/6490.6494},
}
		
@incollection {MR787620,
    AUTHOR = {Plotkin, G. D.},
     TITLE = {An operational semantics for {CSP}},
 BOOKTITLE = {Formal description of programming concepts, {II}
              ({G}armisch-{P}artenkirchen, 1982)},
     PAGES = {199--225},
 PUBLISHER = {North-Holland, Amsterdam},
      YEAR = {1983},
   MRCLASS = {68Q10 (68Q55)},
  MRNUMBER = {787620},
}
		
@article {MR677666,
    AUTHOR = {Smyth, M. B. and Plotkin, G. D.},
     TITLE = {The category-theoretic solution of recursive domain equations},
   JOURNAL = {SIAM J. Comput.},
  FJOURNAL = {SIAM Journal on Computing},
    VOLUME = {11},
      YEAR = {1982},
    NUMBER = {4},
     PAGES = {761--783},
      ISSN = {0097-5397},
   MRCLASS = {68C99 (18B35)},
  MRNUMBER = {677666},
MRREVIEWER = {Stephen L. Bloom},
       DOI = {10.1137/0211062},
       URL = {https://doi-org.colorado.idm.oclc.org/10.1137/0211062},
}
		
@article {MR593865,
    AUTHOR = {Nielsen, Mogens and Plotkin, Gordon and Winskel, Glynn},
     TITLE = {Petri nets, event structures and domains. {I}},
   JOURNAL = {Theoret. Comput. Sci.},
  FJOURNAL = {Theoretical Computer Science},
    VOLUME = {13},
      YEAR = {1981},
    NUMBER = {1},
     PAGES = {85--108},
      ISSN = {0304-3975},
   MRCLASS = {68D90 (68B05)},
  MRNUMBER = {593865},
MRREVIEWER = {Ryszard Janicki},
       DOI = {10.1016/0304-3975(81)90112-2},
       URL = {https://doi-org.colorado.idm.oclc.org/10.1016/0304-3975(81)90112-2},
}
		
@incollection {MR592811,
    AUTHOR = {Plotkin, Gordon D.},
     TITLE = {Lambda-definability in the full type hierarchy},
 BOOKTITLE = {To {H}. {B}. {C}urry: essays on combinatory logic, lambda
              calculus and formalism},
     PAGES = {363--373},
 PUBLISHER = {Academic Press, London-New York},
      YEAR = {1980},
   MRCLASS = {03B40},
  MRNUMBER = {592811},
MRREVIEWER = {B. Lercher},
}
		
@incollection {MR576056,
    AUTHOR = {Nielsen, Mogens and Plotkin, Gordon and Winskel, Glynn},
     TITLE = {Petri nets, event structures and domains},
 BOOKTITLE = {Semantics of concurrent computation ({P}roc. {I}nternat.
              {S}ympos., {E}vian, 1979)},
    SERIES = {Lecture Notes in Comput. Sci.},
    VOLUME = {70},
     PAGES = {266--284},
 PUBLISHER = {Springer, Berlin-New York},
      YEAR = {1979},
   MRCLASS = {68B20},
  MRNUMBER = {576056},
}
		
@incollection {MR570978,
    AUTHOR = {Hennessy, M. C. B. and Plotkin, G. D.},
     TITLE = {Full abstraction for a simple parallel programming language},
 BOOKTITLE = {Mathematical foundations of computer science, 1979 ({P}roc.
              {E}ighth {S}ympos., {O}lomouc, 1979)},
    SERIES = {Lecture Notes in Comput. Sci.},
    VOLUME = {74},
     PAGES = {108--120},
 PUBLISHER = {Springer, Berlin-New York},
      YEAR = {1979},
   MRCLASS = {68B05},
  MRNUMBER = {570978},
}
		
@article {MR514273,
    AUTHOR = {Plotkin, G.},
     TITLE = {{$T^{\omega }$} as a universal domain},
   JOURNAL = {J. Comput. System Sci.},
  FJOURNAL = {Journal of Computer and System Sciences},
    VOLUME = {17},
      YEAR = {1978},
    NUMBER = {2},
     PAGES = {209--236},
      ISSN = {0022-0000},
   MRCLASS = {68F20 (03B40 06C15 18B20)},
  MRNUMBER = {514273},
MRREVIEWER = {V. Yu. Me\u{\i}tus},
       DOI = {10.1016/0022-0000(78)90006-5},
       URL = {https://doi-org.colorado.idm.oclc.org/10.1016/0022-0000(78)90006-5},
}
		
@article {MR0488968,
    AUTHOR = {Smyth, M. B. and Plotkin, G. D.},
     TITLE = {The category-theoretic solution of recursive domain equations
              (extended abstract)},
 BOOKTITLE = {18th {A}nnual {S}ymposium on {F}oundations of {C}omputer
              {S}cience ({P}rovidence, {R}.{I}., 1977)},
     PAGES = {13--29},
 PUBLISHER = {IEEE Comput. Sci., Long Beach, Calif.},
      YEAR = {1977},
   MRCLASS = {68A05 (18B20)},
  MRNUMBER = {0488968},
}
		
@article {MR484798,
    AUTHOR = {Plotkin, G. D.},
     TITLE = {L{CF} considered as a programming language},
   JOURNAL = {Theoret. Comput. Sci.},
  FJOURNAL = {Theoretical Computer Science},
    VOLUME = {5},
      YEAR = {1977/78},
    NUMBER = {3},
     PAGES = {223--255},
      ISSN = {0304-3975},
   MRCLASS = {68B10 (03D05)},
  MRNUMBER = {484798},
       DOI = {10.1016/0304-3975(77)90044-5},
       URL = {https://doi-org.colorado.idm.oclc.org/10.1016/0304-3975(77)90044-5},
}
		
@article {MR0445891,
    AUTHOR = {Plotkin, G. D.},
     TITLE = {A powerdomain construction},
      NOTE = {Semantics and correctness of programs},
   JOURNAL = {SIAM J. Comput.},
  FJOURNAL = {SIAM Journal on Computing},
    VOLUME = {5},
      YEAR = {1976},
    NUMBER = {3},
     PAGES = {452--487},
      ISSN = {0097-5397},
   MRCLASS = {68A05},
  MRNUMBER = {0445891},
MRREVIEWER = {V. A. Valkovskii},
       DOI = {10.1137/0205035},
       URL = {https://doi-org.colorado.idm.oclc.org/10.1137/0205035},
}
		
@article {MR0429501,
    AUTHOR = {Plotkin, G. D.},
     TITLE = {Call-by-name, call-by-value and the {$\lambda $}-calculus},
   JOURNAL = {Theoret. Comput. Sci.},
  FJOURNAL = {Theoretical Computer Science},
    VOLUME = {1},
      YEAR = {1975},
    NUMBER = {2},
     PAGES = {125--159},
      ISSN = {0304-3975},
   MRCLASS = {02C20 (68A05)},
  MRNUMBER = {0429501},
MRREVIEWER = {Henk Barendregt},
       DOI = {10.1016/0304-3975(75)90017-1},
       URL = {https://doi-org.colorado.idm.oclc.org/10.1016/0304-3975(75)90017-1},
}
		
@article {MR0354319,
    AUTHOR = {Plotkin, G. D.},
     TITLE = {The {$\lambda $}-calculus is {$\omega $}-incomplete},
   JOURNAL = {J. Symbolic Logic},
  FJOURNAL = {The Journal of Symbolic Logic},
    VOLUME = {39},
      YEAR = {1974},
     PAGES = {313--317},
      ISSN = {0022-4812},
   MRCLASS = {02C20},
  MRNUMBER = {0354319},
MRREVIEWER = {A. S. Kuzicev},
       DOI = {10.2307/2272645},
       URL = {https://doi-org.colorado.idm.oclc.org/10.2307/2272645},
}
		
@incollection {MR0275718,
    AUTHOR = {Plotkin, G. D.},
     TITLE = {A further note on inductive generalization},
 BOOKTITLE = {Machine {I}ntelligence, 6},
     PAGES = {101--124},
 PUBLISHER = {American Elsevier, New York},
      YEAR = {1971},
   MRCLASS = {68.00},
  MRNUMBER = {0275718},
MRREVIEWER = {S. Huzino},
}
		
@incollection {MR0260233,
    AUTHOR = {Plotkin, Gordon D.},
     TITLE = {A note on inductive generalization},
 BOOKTITLE = {Machine {I}ntelligence, 5},
     PAGES = {153--163},
 PUBLISHER = {American Elsevier, New York},
      YEAR = {1970},
   MRCLASS = {68.00},
  MRNUMBER = {0260233},
MRREVIEWER = {S. Huzino},
}