@book {Riehl:2014,
    AUTHOR = {Riehl, Emily},
     TITLE = {Category Theory in Context},
    SERIES = {Aurora: Dover Modern Math Originals},
 PUBLISHER = {Dover},
      YEAR = {2014},
      ISBN = {13-9780486809038},
       URL = {http://www.math.jhu.edu/~eriehl/context/},
  ABSTRACT = {The book is extremely pleasant to read, with masterfully crafted exercises and examples that create a beautiful and unique thread of presentation leading the reader safely into the wonderfully rich, expressive, and powerful theory of categories." â€” The Math Association Category theory has provided the foundations for many of the twentieth century's greatest advances in pure mathematics. This concise, original text for a one-semester course on the subject is derived from courses that author Emily Riehl taught at Harvard and Johns Hopkins Universities. The treatment introduces the essential concepts of category theory: categories, functors, natural transformations, the Yoneda lemma, limits and colimits, adjunctions, monads, and other topics. Suitable for advanced undergraduates and graduate students in mathematics, the text provides tools for understanding and attacking difficult problems in algebra, number theory, algebraic geometry, and algebraic topology. Drawing upon a broad range of mathematical examples from the categorical perspective, the author illustrates how the concepts and constructions of category theory arise from and illuminate more basic mathematical ideas. Prerequisites are limited to familiarity with some basic set theory and logic.}
}
@article {MR3917428,
    AUTHOR = {Riehl, Emily and Verity, Dominic},
     TITLE = {The comprehension construction},
   JOURNAL = {High. Struct.},
  FJOURNAL = {Higher Structures},
    VOLUME = {2},
      YEAR = {2018},
    NUMBER = {1},
     PAGES = {116--190},
      ISSN = {2209-0606},
   MRCLASS = {18G55 (55U35)},
  MRNUMBER = {3917428},
}
@incollection {MR3792516,
    AUTHOR = {Riehl, Emily},
     TITLE = {Complicial sets, an overture},
 BOOKTITLE = {2016 {MATRIX} annals},
    SERIES = {MATRIX Book Ser.},
    VOLUME = {1},
     PAGES = {49--76},
 PUBLISHER = {Springer, Cham},
      YEAR = {2018},
   MRCLASS = {18G35},
  MRNUMBER = {3792516},
MRREVIEWER = {R. H. Street},
}
@article {MR3760211,
    AUTHOR = {Bauer, Kristine and Johnson, Brenda and Osborne, Christina and
              Riehl, Emily and Tebbe, Amelia},
     TITLE = {Directional derivatives and higher order chain rules for
              abelian functor calculus},
   JOURNAL = {Topology Appl.},
  FJOURNAL = {Topology and its Applications},
    VOLUME = {235},
      YEAR = {2018},
     PAGES = {375--427},
      ISSN = {0166-8641},
   MRCLASS = {18E10 (18C20 18D10 18G35 55P65 58C20)},
  MRNUMBER = {3760211},
MRREVIEWER = {Flaviu Pop},
       DOI = {10.1016/j.topol.2017.12.010},
       URL = {https://doi-org.colorado.idm.oclc.org/10.1016/j.topol.2017.12.010},
}
		
@article {MR3912054,
    AUTHOR = {Riehl, Emily and Shulman, Michael},
     TITLE = {A type theory for synthetic {$\infty$}-categories},
   JOURNAL = {High. Struct.},
  FJOURNAL = {Higher Structures},
    VOLUME = {1},
      YEAR = {2017},
    NUMBER = {1},
     PAGES = {147--224},
      ISSN = {2209-0606},
   MRCLASS = {18D05 (03G30 18G35 18G55)},
  MRNUMBER = {3912054},
}
		
@article {MR3653314,
    AUTHOR = {Hess, Kathryn and K\c{e}dziorek, Magdalena and Riehl, Emily and
              Shipley, Brooke},
     TITLE = {A necessary and sufficient condition for induced model
              structures},
   JOURNAL = {J. Topol.},
  FJOURNAL = {Journal of Topology},
    VOLUME = {10},
      YEAR = {2017},
    NUMBER = {2},
     PAGES = {324--369},
      ISSN = {1753-8416},
   MRCLASS = {55U35 (18G55)},
  MRNUMBER = {3653314},
MRREVIEWER = {J\'{e}r\^{o}me Scherer},
       DOI = {10.1112/topo.12011},
       URL = {https://doi-org.colorado.idm.oclc.org/10.1112/topo.12011},
}
		
@article {MR3604377,
    AUTHOR = {Riehl, Emily and Verity, Dominic},
     TITLE = {Kan extensions and the calculus of modules for
              {$\infty$}-categories},
   JOURNAL = {Algebr. Geom. Topol.},
  FJOURNAL = {Algebraic \& Geometric Topology},
    VOLUME = {17},
      YEAR = {2017},
    NUMBER = {1},
     PAGES = {189--271},
      ISSN = {1472-2747},
   MRCLASS = {18G55 (55U35 55U40)},
  MRNUMBER = {3604377},
MRREVIEWER = {Philippe Gaucher},
       DOI = {10.2140/agt.2017.17.189},
       URL = {https://doi-org.colorado.idm.oclc.org/10.2140/agt.2017.17.189},
}
		
@article {MR3556697,
    AUTHOR = {Riehl, Emily and Verity, Dominic},
     TITLE = {Fibrations and {Y}oneda's lemma in an {$\infty$}-cosmos},
   JOURNAL = {J. Pure Appl. Algebra},
  FJOURNAL = {Journal of Pure and Applied Algebra},
    VOLUME = {221},
      YEAR = {2017},
    NUMBER = {3},
     PAGES = {499--564},
      ISSN = {0022-4049},
   MRCLASS = {18D99 (55U35)},
  MRNUMBER = {3556697},
MRREVIEWER = {Luciano Stramaccia},
       DOI = {10.1016/j.jpaa.2016.07.003},
       URL = {https://doi-org.colorado.idm.oclc.org/10.1016/j.jpaa.2016.07.003},
}
		
@article {MR3415698,
    AUTHOR = {Riehl, Emily and Verity, Dominic},
     TITLE = {Homotopy coherent adjunctions and the formal theory of monads},
   JOURNAL = {Adv. Math.},
  FJOURNAL = {Advances in Mathematics},
    VOLUME = {286},
      YEAR = {2016},
     PAGES = {802--888},
      ISSN = {0001-8708},
   MRCLASS = {18G55 (18C15 55U10 55U35 55U40)},
  MRNUMBER = {3415698},
MRREVIEWER = {R. H. Street},
       DOI = {10.1016/j.aim.2015.09.011},
       URL = {https://doi-org.colorado.idm.oclc.org/10.1016/j.aim.2015.09.011},
}
		
@incollection {MR3738979,
    AUTHOR = {Riehl, Emily},
     TITLE = {Made-to-order weak factorization systems},
 BOOKTITLE = {Extended abstracts {F}all 2013---geometrical analysis, type
              theory, homotopy theory and univalent foundations},
    SERIES = {Trends Math. Res. Perspect. CRM Barc.},
    VOLUME = {3},
     PAGES = {87--92},
 PUBLISHER = {Birkh\"{a}user/Springer, Cham},
      YEAR = {2015},
   MRCLASS = {18G30 (55U35)},
  MRNUMBER = {3738979},
}
		
@incollection {MR3380069,
    AUTHOR = {Bayeh, Marzieh and Hess, Kathryn and Karpova, Varvara and
              K\c{e}dziorek, Magdalena and Riehl, Emily and Shipley, Brooke},
     TITLE = {Left-induced model structures and diagram categories},
 BOOKTITLE = {Women in topology: collaborations in homotopy theory},
    SERIES = {Contemp. Math.},
    VOLUME = {641},
     PAGES = {49--81},
 PUBLISHER = {Amer. Math. Soc., Providence, RI},
      YEAR = {2015},
   MRCLASS = {18G55 (18G35 55U35)},
  MRNUMBER = {3380069},
MRREVIEWER = {J\'{e}r\^{o}me Scherer},
       DOI = {10.1090/conm/641/12859},
       URL = {https://doi-org.colorado.idm.oclc.org/10.1090/conm/641/12859},
}
		
@article {MR3350229,
    AUTHOR = {Riehl, Emily and Verity, Dominic},
     TITLE = {The 2-category theory of quasi-categories},
   JOURNAL = {Adv. Math.},
  FJOURNAL = {Advances in Mathematics},
    VOLUME = {280},
      YEAR = {2015},
     PAGES = {549--642},
      ISSN = {0001-8708},
   MRCLASS = {18G55 (18A05 18D20 18G30 55U10 55U35)},
  MRNUMBER = {3350229},
MRREVIEWER = {Josep Elgueta},
       DOI = {10.1016/j.aim.2015.04.021},
       URL = {https://doi-org.colorado.idm.oclc.org/10.1016/j.aim.2015.04.021},
}
		
@article {MR3338539,
    AUTHOR = {Riehl, Emily and Verity, Dominic},
     TITLE = {Completeness results for quasi-categories of algebras,
              homotopy limits, and related general constructions},
   JOURNAL = {Homology Homotopy Appl.},
  FJOURNAL = {Homology, Homotopy and Applications},
    VOLUME = {17},
      YEAR = {2015},
    NUMBER = {1},
     PAGES = {1--33},
      ISSN = {1532-0073},
   MRCLASS = {18G55 (18D20 18G30 55U40)},
  MRNUMBER = {3338539},
MRREVIEWER = {Philippe Gaucher},
       DOI = {10.4310/HHA.2015.v17.n1.a1},
       URL = {https://doi-org.colorado.idm.oclc.org/10.4310/HHA.2015.v17.n1.a1},
}
		
@article {MR3291613,
    AUTHOR = {Barthel, Tobias and May, J. P. and Riehl, Emily},
     TITLE = {Six model structures for {DG}-modules over {DGA}s: model
              category theory in homological action},
   JOURNAL = {New York J. Math.},
  FJOURNAL = {New York Journal of Mathematics},
    VOLUME = {20},
      YEAR = {2014},
     PAGES = {1077--1159},
      ISSN = {1076-9803},
   MRCLASS = {16E45 (18G55)},
  MRNUMBER = {3291613},
MRREVIEWER = {Andrea Solotar},
       URL = {http://nyjm.albany.edu:8000/j/2014/20_1077.html},
}
		
@article {MR3276853,
    AUTHOR = {Blumberg, Andrew J. and Riehl, Emily},
     TITLE = {Homotopical resolutions associated to deformable adjunctions},
   JOURNAL = {Algebr. Geom. Topol.},
  FJOURNAL = {Algebraic \& Geometric Topology},
    VOLUME = {14},
      YEAR = {2014},
    NUMBER = {5},
     PAGES = {3021--3048},
      ISSN = {1472-2747},
   MRCLASS = {18G55 (55U35)},
  MRNUMBER = {3276853},
MRREVIEWER = {Timothy Porter},
       DOI = {10.2140/agt.2014.14.3021},
       URL = {https://doi-org.colorado.idm.oclc.org/10.2140/agt.2014.14.3021},
}
		
@article {MR3257572,
    AUTHOR = {Ching, Michael and Riehl, Emily},
     TITLE = {Coalgebraic models for combinatorial model categories},
   JOURNAL = {Homology Homotopy Appl.},
  FJOURNAL = {Homology, Homotopy and Applications},
    VOLUME = {16},
      YEAR = {2014},
    NUMBER = {2},
     PAGES = {171--184},
      ISSN = {1532-0073},
   MRCLASS = {18C35},
  MRNUMBER = {3257572},
MRREVIEWER = {George Ciprian Modoi},
       DOI = {10.4310/HHA.2014.v16.n2.a9},
       URL = {https://doi-org.colorado.idm.oclc.org/10.4310/HHA.2014.v16.n2.a9},
}
		
@book {MR3221774,
    AUTHOR = {Riehl, Emily},
     TITLE = {Categorical homotopy theory},
    SERIES = {New Mathematical Monographs},
    VOLUME = {24},
 PUBLISHER = {Cambridge University Press, Cambridge},
      YEAR = {2014},
     PAGES = {xviii+352},
      ISBN = {978-1-107-04845-4},
   MRCLASS = {18G55 (18D20 55U35)},
  MRNUMBER = {3221774},
MRREVIEWER = {David A. Blanc},
       DOI = {10.1017/CBO9781107261457},
       URL = {https://doi-org.colorado.idm.oclc.org/10.1017/CBO9781107261457},
}
		
@article {MR3217884,
    AUTHOR = {Riehl, Emily and Verity, Dominic},
     TITLE = {The theory and practice of {R}eedy categories},
   JOURNAL = {Theory Appl. Categ.},
  FJOURNAL = {Theory and Applications of Categories},
    VOLUME = {29},
      YEAR = {2014},
     PAGES = {256--301},
      ISSN = {1201-561X},
   MRCLASS = {55U35 (18D10 18G30)},
  MRNUMBER = {3217884},
MRREVIEWER = {David A. Blanc},
}
		
@article {MR3189430,
    AUTHOR = {Cheng, Eugenia and Gurski, Nick and Riehl, Emily},
     TITLE = {Cyclic multicategories, multivariable adjunctions and mates},
   JOURNAL = {J. K-Theory},
  FJOURNAL = {Journal of K-Theory. K-Theory and its Applications in Algebra,
              Geometry, Analysis \& Topology},
    VOLUME = {13},
      YEAR = {2014},
    NUMBER = {2},
     PAGES = {337--396},
      ISSN = {1865-2433},
   MRCLASS = {18D10 (18A32 18A40 18D99)},
  MRNUMBER = {3189430},
MRREVIEWER = {Sergey A. Solovyov},
       DOI = {10.1017/is013012007jkt250},
       URL = {https://doi-org.colorado.idm.oclc.org/10.1017/is013012007jkt250},
}
		
@article {MR3044604,
    AUTHOR = {Barthel, Tobias and Riehl, Emily},
     TITLE = {On the construction of functorial factorizations for model
              categories},
   JOURNAL = {Algebr. Geom. Topol.},
  FJOURNAL = {Algebraic \& Geometric Topology},
    VOLUME = {13},
      YEAR = {2013},
    NUMBER = {2},
     PAGES = {1089--1124},
      ISSN = {1472-2747},
   MRCLASS = {18G55 (18D20)},
  MRNUMBER = {3044604},
MRREVIEWER = {Philippe Gaucher},
       DOI = {10.2140/agt.2013.13.1089},
       URL = {https://doi-org.colorado.idm.oclc.org/10.2140/agt.2013.13.1089},
}
		
@article {MR3010105,
    AUTHOR = {Riehl, Emily},
     TITLE = {Monoidal algebraic model structures},
   JOURNAL = {J. Pure Appl. Algebra},
  FJOURNAL = {Journal of Pure and Applied Algebra},
    VOLUME = {217},
      YEAR = {2013},
    NUMBER = {6},
     PAGES = {1069--1104},
      ISSN = {0022-4049},
   MRCLASS = {55U35 (18A32)},
  MRNUMBER = {3010105},
MRREVIEWER = {Philippe Gaucher},
       DOI = {10.1016/j.jpaa.2012.09.029},
       URL = {https://doi-org.colorado.idm.oclc.org/10.1016/j.jpaa.2012.09.029},
}
		
@book {MR2941925,
    AUTHOR = {Riehl, Emily},
     TITLE = {Algebraic model structures},
      NOTE = {Thesis (Ph.D.)--The University of Chicago},
 PUBLISHER = {ProQuest LLC, Ann Arbor, MI},
      YEAR = {2011},
     PAGES = {143},
      ISBN = {978-1124-71811-8},
   MRCLASS = {Thesis},
  MRNUMBER = {2941925},
       URL =
              {http://gateway.proquest.com.colorado.idm.oclc.org/openurl?url_ver=Z39.88-2004&rft_val_fmt=info:ofi/fmt:kev:mtx:dissertation&res_dat=xri:pqdiss&rft_dat=xri:pqdiss:3460228},
}
		
@article {MR2784771,
    AUTHOR = {Riehl, Emily},
     TITLE = {On the structure of simplicial categories associated to
              quasi-categories},
   JOURNAL = {Math. Proc. Cambridge Philos. Soc.},
  FJOURNAL = {Mathematical Proceedings of the Cambridge Philosophical
              Society},
    VOLUME = {150},
      YEAR = {2011},
    NUMBER = {3},
     PAGES = {489--504},
      ISSN = {0305-0041},
   MRCLASS = {18G30 (55U10 55U40)},
  MRNUMBER = {2784771},
MRREVIEWER = {Mark W. Johnson},
       DOI = {10.1017/S0305004111000053},
       URL = {https://doi-org.colorado.idm.oclc.org/10.1017/S0305004111000053},
}
		
@article {MR2781914,
    AUTHOR = {Riehl, Emily},
     TITLE = {Algebraic model structures},
   JOURNAL = {New York J. Math.},
  FJOURNAL = {New York Journal of Mathematics},
    VOLUME = {17},
      YEAR = {2011},
     PAGES = {173--231},
      ISSN = {1076-9803},
   MRCLASS = {55U35 (18A32)},
  MRNUMBER = {2781914},
MRREVIEWER = {Philippe Gaucher},
       URL = {http://nyjm.albany.edu:8000/j/2011/17_173.html},
}
		
@article {MR2747230,
    AUTHOR = {Kennett, Carolyn and Riehl, Emily and Roy, Michael and Zaks,
              Michael},
     TITLE = {Levels in the toposes of simplicial sets and cubical sets},
   JOURNAL = {J. Pure Appl. Algebra},
  FJOURNAL = {Journal of Pure and Applied Algebra},
    VOLUME = {215},
      YEAR = {2011},
    NUMBER = {5},
     PAGES = {949--961},
      ISSN = {0022-4049},
   MRCLASS = {18B25 (55U10)},
  MRNUMBER = {2747230},
MRREVIEWER = {Nicola Gambino},
       DOI = {10.1016/j.jpaa.2010.07.002},
       URL = {https://doi-org.colorado.idm.oclc.org/10.1016/j.jpaa.2010.07.002},
}
		
@article {MR2005154,
    AUTHOR = {D'Angelo, John P. and Kos, \v{S}imon and Riehl, Emily},
     TITLE = {A sharp bound for the degree of proper monomial mappings
              between balls},
   JOURNAL = {J. Geom. Anal.},
  FJOURNAL = {The Journal of Geometric Analysis},
    VOLUME = {13},
      YEAR = {2003},
    NUMBER = {4},
     PAGES = {581--593},
      ISSN = {1050-6926},
   MRCLASS = {32H02},
  MRNUMBER = {2005154},
MRREVIEWER = {Evgeny A. Poletsky},
       DOI = {10.1007/BF02921879},
       URL = {https://doi-org.colorado.idm.oclc.org/10.1007/BF02921879},
}
		
@article {MR1992050,
    AUTHOR = {Riehl, Emily and Evans, Jr., E. Graham},
     TITLE = {On the intersections of polynomials and the
              {C}ayley-{B}acharach theorem},
   JOURNAL = {J. Pure Appl. Algebra},
  FJOURNAL = {Journal of Pure and Applied Algebra},
    VOLUME = {183},
      YEAR = {2003},
    NUMBER = {1-3},
     PAGES = {293--298},
      ISSN = {0022-4049},
   MRCLASS = {14N05 (14M05)},
  MRNUMBER = {1992050},
MRREVIEWER = {N. Mohan Kumar},
       DOI = {10.1016/S0022-4049(03)00032-X},
       URL = {https://doi-org.colorado.idm.oclc.org/10.1016/S0022-4049(03)00032-X},
}