@article {MR3170699,
    AUTHOR = {Royden, Halsey and Wong, Pit-Mann and Krantz, Steven G.},
     TITLE = {The {C}arath\'{e}odory and {K}obayashi/{R}oyden metrics by way of
              dual extremal problems},
   JOURNAL = {Complex Var. Elliptic Equ.},
  FJOURNAL = {Complex Variables and Elliptic Equations. An International
              Journal},
    VOLUME = {58},
      YEAR = {2013},
    NUMBER = {9},
     PAGES = {1283--1298},
      ISSN = {1747-6933},
   MRCLASS = {32F45 (32E35 32Q45 58B12)},
  MRNUMBER = {3170699},
MRREVIEWER = {Richard M. Timoney},
       DOI = {10.1080/17476933.2012.662226},
       URL = {https://doi-org.colorado.idm.oclc.org/10.1080/17476933.2012.662226},
}
		
@incollection {MR1003132,
    AUTHOR = {Royden, Halsey},
     TITLE = {A history of mathematics at {S}tanford},
 BOOKTITLE = {A century of mathematics in {A}merica, {P}art {II}},
    SERIES = {Hist. Math.},
    VOLUME = {2},
     PAGES = {237--277},
 PUBLISHER = {Amer. Math. Soc., Providence, RI},
      YEAR = {1989},
   MRCLASS = {01A73 (01A70)},
  MRNUMBER = {1003132},
MRREVIEWER = {Hans Niels Jahnke},
}
		
@book {MR1013117,
    AUTHOR = {Royden, H. L.},
     TITLE = {Real analysis},
   EDITION = {Third},
 PUBLISHER = {Macmillan Publishing Company, New York},
      YEAR = {1988},
     PAGES = {xx+444},
      ISBN = {0-02-404151-3},
   MRCLASS = {00A05 (26-01 28-01 46-01)},
  MRNUMBER = {1013117},
}
		
@article {MR994472,
    AUTHOR = {Royden, H. L.},
     TITLE = {Hyperbolicity in complex analysis},
   JOURNAL = {Ann. Acad. Sci. Fenn. Ser. A I Math.},
  FJOURNAL = {Annales Academiae Scientiarum Fennicae. Series A I.
              Mathematica},
    VOLUME = {13},
      YEAR = {1988},
    NUMBER = {3},
     PAGES = {387--400},
      ISSN = {0066-1953},
   MRCLASS = {32H20 (30C80 32H15)},
  MRNUMBER = {994472},
MRREVIEWER = {Valentin Zdravkov Hristov},
       DOI = {10.5186/aasfm.1988.1329},
       URL = {https://doi-org.colorado.idm.oclc.org/10.5186/aasfm.1988.1329},
}
		
@incollection {MR981416,
    AUTHOR = {Royden, H. L.},
     TITLE = {The variation of harmonic differentials and their periods},
 BOOKTITLE = {Complex analysis},
     PAGES = {211--223},
 PUBLISHER = {Birkh\"{a}user, Basel},
      YEAR = {1988},
   MRCLASS = {30F30 (32G15 32G20)},
  MRNUMBER = {981416},
MRREVIEWER = {H. Renelt},
}
		
@article {MR953505,
    AUTHOR = {Royden, H. L.},
     TITLE = {Invariant subspaces of {${\scr H}^p$} for multiply connected
              regions},
   JOURNAL = {Pacific J. Math.},
  FJOURNAL = {Pacific Journal of Mathematics},
    VOLUME = {134},
      YEAR = {1988},
    NUMBER = {1},
     PAGES = {151--172},
      ISSN = {0030-8730},
   MRCLASS = {46E15 (46J15 47A15 47B38)},
  MRNUMBER = {953505},
MRREVIEWER = {John N. McDonald},
       URL = {http://projecteuclid.org.colorado.idm.oclc.org/euclid.pjm/1102689371},
}
		
@article {MR948079,
    AUTHOR = {Royden, H. L.},
     TITLE = {Comparison theorems for the matrix {R}iccati equation},
   JOURNAL = {Comm. Pure Appl. Math.},
  FJOURNAL = {Communications on Pure and Applied Mathematics},
    VOLUME = {41},
      YEAR = {1988},
    NUMBER = {5},
     PAGES = {739--746},
      ISSN = {0010-3640},
   MRCLASS = {34A30 (53C20 58B20)},
  MRNUMBER = {948079},
MRREVIEWER = {V. Gourishankar},
       DOI = {10.1002/cpa.3160410512},
       URL = {https://doi-org.colorado.idm.oclc.org/10.1002/cpa.3160410512},
}
		
@article {MR923228,
    AUTHOR = {Royden, H. L.},
     TITLE = {The zeros of bounded holomorphic functions},
   JOURNAL = {Complex Variables Theory Appl.},
  FJOURNAL = {Complex Variables. Theory and Application. An International
              Journal},
    VOLUME = {9},
      YEAR = {1987},
    NUMBER = {2-3},
     PAGES = {283--286},
      ISSN = {0278-1077},
   MRCLASS = {30D50 (30C15)},
  MRNUMBER = {923228},
MRREVIEWER = {D. A. Brannan},
       DOI = {10.1080/17476938708814271},
       URL = {https://doi-org.colorado.idm.oclc.org/10.1080/17476938708814271},
}
		
@article {MR861705,
    AUTHOR = {Royden, H. L.},
     TITLE = {The {A}hlfors-{S}chwarz lemma: the case of equality},
   JOURNAL = {J. Analyse Math.},
  FJOURNAL = {Journal d'Analyse Math\'{e}matique},
    VOLUME = {46},
      YEAR = {1986},
     PAGES = {261--270},
      ISSN = {0021-7670},
   MRCLASS = {30C80 (30F99 31A05 53A30)},
  MRNUMBER = {861705},
MRREVIEWER = {David Minda},
       DOI = {10.1007/BF02796591},
       URL = {https://doi-org.colorado.idm.oclc.org/10.1007/BF02796591},
}
		
@article {MR857675,
    AUTHOR = {Bers, Lipman and Royden, H. L.},
     TITLE = {Holomorphic families of injections},
   JOURNAL = {Acta Math.},
  FJOURNAL = {Acta Mathematica},
    VOLUME = {157},
      YEAR = {1986},
    NUMBER = {3-4},
     PAGES = {259--286},
      ISSN = {0001-5962},
   MRCLASS = {30C60 (32G15 58F08 58F11)},
  MRNUMBER = {857675},
MRREVIEWER = {Frederick P. Gardiner},
       DOI = {10.1007/BF02392595},
       URL = {https://doi-org.colorado.idm.oclc.org/10.1007/BF02392595},
}
		
@incollection {MR833808,
    AUTHOR = {Royden, H. L.},
     TITLE = {Complex {F}insler metrics},
 BOOKTITLE = {Complex differential geometry and nonlinear differential
              equations ({B}runswick, {M}aine, 1984)},
    SERIES = {Contemp. Math.},
    VOLUME = {49},
     PAGES = {119--124},
 PUBLISHER = {Amer. Math. Soc., Providence, RI},
      YEAR = {1986},
   MRCLASS = {32H15 (53B40)},
  MRNUMBER = {833808},
MRREVIEWER = {Graziano Gentili},
       DOI = {10.1090/conm/049/833808},
       URL = {https://doi-org.colorado.idm.oclc.org/10.1090/conm/049/833808},
}
		
@article {MR802513,
    AUTHOR = {Royden, H. L.},
     TITLE = {A criterion for the normality of a family of meromorphic
              functions},
   JOURNAL = {Ann. Acad. Sci. Fenn. Ser. A I Math.},
  FJOURNAL = {Annales Academiae Scientiarum Fennicae. Series A I.
              Mathematica},
    VOLUME = {10},
      YEAR = {1985},
     PAGES = {499--500},
      ISSN = {0066-1953},
   MRCLASS = {30D45},
  MRNUMBER = {802513},
MRREVIEWER = {P. Lappan},
}
		
@incollection {MR788167,
    AUTHOR = {Royden, Halsey L.},
     TITLE = {Aspects of constructive analysis},
 BOOKTITLE = {Errett {B}ishop: reflections on him and his research ({S}an
              {D}iego, {C}alif., 1983)},
    SERIES = {Contemp. Math.},
    VOLUME = {39},
     PAGES = {57--64},
 PUBLISHER = {Amer. Math. Soc., Providence, RI},
      YEAR = {1985},
   MRCLASS = {01A60 (03F65)},
  MRNUMBER = {788167},
       DOI = {10.1090/conm/039/788167},
       URL = {https://doi-org.colorado.idm.oclc.org/10.1090/conm/039/788167},
}
		
@article {MR733408,
    AUTHOR = {Royden, H. L.},
     TITLE = {The {P}icard theorem for {R}iemann surfaces},
   JOURNAL = {Proc. Amer. Math. Soc.},
  FJOURNAL = {Proceedings of the American Mathematical Society},
    VOLUME = {90},
      YEAR = {1984},
    NUMBER = {4},
     PAGES = {571--574},
      ISSN = {0002-9939},
   MRCLASS = {30F35 (30F99)},
  MRNUMBER = {733408},
MRREVIEWER = {Y. Kusunoki},
       DOI = {10.2307/2045032},
       URL = {https://doi-org.colorado.idm.oclc.org/10.2307/2045032},
}
		
@article {MR604712,
    AUTHOR = {Royden, H. L.},
     TITLE = {The {A}hlfors-{S}chwarz lemma in several complex variables},
   JOURNAL = {Comment. Math. Helv.},
  FJOURNAL = {Commentarii Mathematici Helvetici},
    VOLUME = {55},
      YEAR = {1980},
    NUMBER = {4},
     PAGES = {547--558},
      ISSN = {0010-2571},
   MRCLASS = {32H20},
  MRNUMBER = {604712},
MRREVIEWER = {Marcus Wright},
       DOI = {10.1007/BF02566705},
       URL = {https://doi-org.colorado.idm.oclc.org/10.1007/BF02566705},
}
		
@article {MR0447636,
    AUTHOR = {Royden, H. L.},
     TITLE = {Intrinsic metrics on {T}eichm\"{u}ller space},
 BOOKTITLE = {Proceedings of the {I}nternational {C}ongress of
              {M}athematicians ({V}ancouver, {B}. {C}., 1974), {V}ol. 2},
     PAGES = {217--221},
 PUBLISHER = {Canad. Math. Congress, Montreal, Que.},
      YEAR = {1975},
   MRCLASS = {32G15 (32H15)},
  MRNUMBER = {0447636},
MRREVIEWER = {L. Keen},
}
		
@article {MR0397023,
    AUTHOR = {Royden, H. L.},
     TITLE = {Metrics on {T}eichm\"{u}ller space},
 BOOKTITLE = {A crash course on {K}leinian groups ({L}ectures, {S}pecial
              {S}ession, {A}nnual {W}inter {M}eeting, {A}mer. {M}ath.
              {S}oc., {S}an {F}rancisco, {C}alif., 1974)},
     PAGES = {71--78. Lecture Notes in Math., Vol. 400},
 PUBLISHER = {Springer, Berlin},
      YEAR = {1974},
   MRCLASS = {32G15},
  MRNUMBER = {0397023},
MRREVIEWER = {C. Maclachlan},
}
		
@article {MR0377116,
    AUTHOR = {Royden, H. L.},
     TITLE = {Invariant metrics on {T}eichm\"{u}ller space},
 BOOKTITLE = {Contributions to analysis (a collection of papers dedicated to
              {L}ipman {B}ers)},
     PAGES = {393--399},
 PUBLISHER = {Academic Press, New York},
      YEAR = {1974},
   MRCLASS = {32G15 (32H15)},
  MRNUMBER = {0377116},
MRREVIEWER = {L. Keen},
}
		
@article {MR0338465,
    AUTHOR = {Royden, H. L.},
     TITLE = {Holomorphic fiber bundles with hyperbolic fiber},
   JOURNAL = {Proc. Amer. Math. Soc.},
  FJOURNAL = {Proceedings of the American Mathematical Society},
    VOLUME = {43},
      YEAR = {1974},
     PAGES = {311--312},
      ISSN = {0002-9939},
   MRCLASS = {32L05 (32H20)},
  MRNUMBER = {0338465},
MRREVIEWER = {Peter Kiernan},
       DOI = {10.2307/2038885},
       URL = {https://doi-org.colorado.idm.oclc.org/10.2307/2038885},
}
		
@article {MR0335851,
    AUTHOR = {Royden, H. L.},
     TITLE = {The extension of regular holomorphic maps},
   JOURNAL = {Proc. Amer. Math. Soc.},
  FJOURNAL = {Proceedings of the American Mathematical Society},
    VOLUME = {43},
      YEAR = {1974},
     PAGES = {306--310},
      ISSN = {0002-9939},
   MRCLASS = {32D99 (32H15)},
  MRNUMBER = {0335851},
MRREVIEWER = {D. A. Pelles},
       DOI = {10.2307/2038884},
       URL = {https://doi-org.colorado.idm.oclc.org/10.2307/2038884},
}
		
@article {MR0362153,
    AUTHOR = {Gulliver, II, R. D. and Osserman, R. and Royden, H. L.},
     TITLE = {A theory of branched immersions of surfaces},
   JOURNAL = {Amer. J. Math.},
  FJOURNAL = {American Journal of Mathematics},
    VOLUME = {95},
      YEAR = {1973},
     PAGES = {750--812},
      ISSN = {0002-9327},
   MRCLASS = {53C40 (49F10)},
  MRNUMBER = {0362153},
MRREVIEWER = {Bang-yen Chen},
       DOI = {10.2307/2373697},
       URL = {https://doi-org.colorado.idm.oclc.org/10.2307/2373697},
}
		
@article {MR0304694,
    AUTHOR = {Royden, H. L.},
     TITLE = {Remarks on the {K}obayashi metric},
 BOOKTITLE = {Several complex variables, {II} ({P}roc. {I}nternat. {C}onf.,
              {U}niv. {M}aryland, {C}ollege {P}ark, {M}d., 1970)},
     PAGES = {125--137. Lecture Notes in Math., Vol. 185},
 PUBLISHER = {Springer, Berlin},
      YEAR = {1971},
   MRCLASS = {32C10},
  MRNUMBER = {0304694},
MRREVIEWER = {D. A. Pelles},
}
		
@article {MR0302894,
    AUTHOR = {Royden, H. L.},
     TITLE = {Automorphisms and isometries of {T}eichm\"{u}ller space},
 BOOKTITLE = {Proceedings of the {R}omanian-{F}innish {S}eminar on
              {T}eichm\"{u}ller {S}paces and {Q}uasiconformal {M}appings
              ({B}ra\c{s}ov, 1969)},
     PAGES = {273--286. (errata insert)},
 PUBLISHER = {Publ. House of the Acad. of the Socialist Republic of Romania,
              Bucharest},
      YEAR = {1971},
   MRCLASS = {30A48},
  MRNUMBER = {0302894},
MRREVIEWER = {William Harvey},
}
		
@incollection {MR0288254,
    AUTHOR = {Royden, H. L.},
     TITLE = {Automorphisms and isometries of {T}eichm\"{u}ller space},
 BOOKTITLE = {Advances in the {T}heory of {R}iemann {S}urfaces ({P}roc.
              {C}onf., {S}tony {B}rook, {N}.{Y}., 1969)},
     PAGES = {369--383},
 PUBLISHER = {Ann. of Math. Studies, No. 66. Princeton Univ. Press,
              Princeton, N.J. },
      YEAR = {1971},
   MRCLASS = {30.45},
  MRNUMBER = {0288254},
MRREVIEWER = {H. Wu},
}
		
@article {MR0259115,
    AUTHOR = {Royden, H. L.},
     TITLE = {Report on the {T}eichm\"{u}ller metric},
   JOURNAL = {Proc. Nat. Acad. Sci. U.S.A.},
  FJOURNAL = {Proceedings of the National Academy of Sciences of the United
              States of America},
    VOLUME = {65},
      YEAR = {1970},
     PAGES = {497--499},
      ISSN = {0027-8424},
   MRCLASS = {30.47},
  MRNUMBER = {0259115},
MRREVIEWER = {L. Keen},
       DOI = {10.1073/pnas.65.3.497},
       URL = {https://doi-org.colorado.idm.oclc.org/10.1073/pnas.65.3.497},
}
		
@article {MR0214757,
    AUTHOR = {Royden, H. L.},
     TITLE = {Function theory on compact {R}iemann surfaces},
   JOURNAL = {J. Analyse Math.},
  FJOURNAL = {Journal d'Analyse Math\'{e}matique},
    VOLUME = {18},
      YEAR = {1967},
     PAGES = {295--327},
      ISSN = {0021-7670},
   MRCLASS = {30.45},
  MRNUMBER = {0214757},
MRREVIEWER = {L. V. Ahlfors},
       DOI = {10.1007/BF02798051},
       URL = {https://doi-org.colorado.idm.oclc.org/10.1007/BF02798051},
}
		
@incollection {MR0174733,
    AUTHOR = {Royden, H. L.},
     TITLE = {Riemann surfaces with the absolute {${\rm AB}$}-maximum
              principle},
 BOOKTITLE = {Proc. {C}onf. {C}omplex {A}nalysis ({M}inneapolis, 1964)},
     PAGES = {172--175},
 PUBLISHER = {Springer, Berlin},
      YEAR = {1965},
   MRCLASS = {30.45},
  MRNUMBER = {0174733},
MRREVIEWER = {M. H. Heins},
}
		
@article {MR0173763,
    AUTHOR = {Royden, H. L.},
     TITLE = {Algebras of bounded analytic functions on {R}iemann surfaces},
   JOURNAL = {Acta Math.},
  FJOURNAL = {Acta Mathematica},
    VOLUME = {114},
      YEAR = {1965},
     PAGES = {113--142},
      ISSN = {0001-5962},
   MRCLASS = {30.45},
  MRNUMBER = {0173763},
MRREVIEWER = {J. Wermer},
       DOI = {10.1007/BF02391819},
       URL = {https://doi-org.colorado.idm.oclc.org/10.1007/BF02391819},
}
		
@article {MR0160895,
    AUTHOR = {Royden, H. L.},
     TITLE = {Riemann surfaces with the {$AB$}-maximum principle},
   JOURNAL = {Ann. Acad. Sci. Fenn. Ser. A I No.},
    VOLUME = {336/16},
      YEAR = {1963},
     PAGES = {7},
   MRCLASS = {30.45},
  MRNUMBER = {0160895},
MRREVIEWER = {L. Sario},
}
		
@article {MR0152675,
    AUTHOR = {Royden, H. L.},
     TITLE = {One-dimensional cohomology in domains of holomorphy},
   JOURNAL = {Ann. of Math. (2)},
  FJOURNAL = {Annals of Mathematics. Second Series},
    VOLUME = {78},
      YEAR = {1963},
     PAGES = {197--200},
      ISSN = {0003-486X},
   MRCLASS = {32.20 (32.49)},
  MRNUMBER = {0152675},
MRREVIEWER = {A. Browder},
       DOI = {10.2307/1970509},
       URL = {https://doi-org.colorado.idm.oclc.org/10.2307/1970509},
}
		
@book {MR0151555,
    AUTHOR = {Royden, H. L.},
     TITLE = {Real analysis},
 PUBLISHER = {The Macmillan Co., New York; Collier-Macmillan Ltd., London},
      YEAR = {1963},
     PAGES = {xvi+284},
   MRCLASS = {26.00 (28.00)},
  MRNUMBER = {0151555},
MRREVIEWER = {P. Franklin},
}
		
@article {MR0149327,
    AUTHOR = {Royden, H. L.},
     TITLE = {Function algebras},
   JOURNAL = {Bull. Amer. Math. Soc.},
  FJOURNAL = {Bulletin of the American Mathematical Society},
    VOLUME = {69},
      YEAR = {1963},
     PAGES = {281--298},
      ISSN = {0002-9904},
   MRCLASS = {46.55},
  MRNUMBER = {0149327},
MRREVIEWER = {A. Browder},
       DOI = {10.1090/S0002-9904-1963-10900-3},
       URL = {https://doi-org.colorado.idm.oclc.org/10.1090/S0002-9904-1963-10900-3},
}
		
@incollection {MR0145190,
    AUTHOR = {Royden, H. L.},
     TITLE = {The growth of a fundamental solution of an elliptic divergence
              structure equation},
 BOOKTITLE = {Studies in mathematical analysis and related topics},
     PAGES = {333--340},
 PUBLISHER = {Stanford Univ. Press, Stanford, Calif.},
      YEAR = {1962},
   MRCLASS = {35.42},
  MRNUMBER = {0145190},
MRREVIEWER = {A. M. White},
}
		
@article {MR0141766,
    AUTHOR = {Royden, H. L.},
     TITLE = {A generalization of {M}orera's theorem},
   JOURNAL = {Ann. Polon. Math.},
  FJOURNAL = {Polska Akademia Nauk. Annales Polonici Mathematici},
    VOLUME = {12},
      YEAR = {1962},
     PAGES = {199--202},
      ISSN = {0066-2216},
   MRCLASS = {30.01},
  MRNUMBER = {0141766},
MRREVIEWER = {W. B. Woolf},
       DOI = {10.4064/ap-12-2-199-202},
       URL = {https://doi-org.colorado.idm.oclc.org/10.4064/ap-12-2-199-202},
}
		
@article {MR0138747,
    AUTHOR = {Royden, H. L.},
     TITLE = {The boundary values of analytic and harmonic functions},
   JOURNAL = {Math. Z.},
  FJOURNAL = {Mathematische Zeitschrift},
    VOLUME = {78},
      YEAR = {1962},
     PAGES = {1--24},
      ISSN = {0025-5874},
   MRCLASS = {30.62},
  MRNUMBER = {0138747},
MRREVIEWER = {B. Rodin},
       DOI = {10.1007/BF01195147},
       URL = {https://doi-org.colorado.idm.oclc.org/10.1007/BF01195147},
}
		
@article {MR0113229,
    AUTHOR = {Royden, H. L.},
     TITLE = {The analytic approximation of differentiable mappings},
   JOURNAL = {Math. Ann.},
  FJOURNAL = {Mathematische Annalen},
    VOLUME = {139},
      YEAR = {1960},
     PAGES = {171--179 (1960)},
      ISSN = {0025-5831},
   MRCLASS = {57.00},
  MRNUMBER = {0113229},
MRREVIEWER = {S. Smale},
       DOI = {10.1007/BF01352908},
       URL = {https://doi-org.colorado.idm.oclc.org/10.1007/BF01352908},
}
		
@article {MR0112031,
    AUTHOR = {Royden, H. L.},
     TITLE = {On a paper of {R}ogosinski},
   JOURNAL = {J. London Math. Soc.},
  FJOURNAL = {Journal of the London Mathematical Society. Second Series},
    VOLUME = {35},
      YEAR = {1960},
     PAGES = {225--228},
      ISSN = {0024-6107},
   MRCLASS = {46.00},
  MRNUMBER = {0112031},
MRREVIEWER = {W. R. Transue},
       DOI = {10.1112/jlms/s1-35.2.225},
       URL = {https://doi-org.colorado.idm.oclc.org/10.1112/jlms/s1-35.2.225},
}
		
@article {MR0110795,
    AUTHOR = {Royden, H. L.},
     TITLE = {On a class of null-bounded {R}iemann surfaces},
   JOURNAL = {Comment. Math. Helv.},
  FJOURNAL = {Commentarii Mathematici Helvetici},
    VOLUME = {34},
      YEAR = {1960},
     PAGES = {52--66},
      ISSN = {0010-2571},
   MRCLASS = {30.00},
  MRNUMBER = {0110795},
MRREVIEWER = {L. Sario},
       DOI = {10.1007/BF02565926},
       URL = {https://doi-org.colorado.idm.oclc.org/10.1007/BF02565926},
}
		
@article {MR0110794,
    AUTHOR = {Royden, H. L.},
     TITLE = {The {R}iemann-{R}och theorem},
   JOURNAL = {Comment. Math. Helv.},
  FJOURNAL = {Commentarii Mathematici Helvetici},
    VOLUME = {34},
      YEAR = {1960},
     PAGES = {37--51},
      ISSN = {0010-2571},
   MRCLASS = {30.00},
  MRNUMBER = {0110794},
MRREVIEWER = {L. Sario},
       DOI = {10.1007/BF02565925},
       URL = {https://doi-org.colorado.idm.oclc.org/10.1007/BF02565925},
}
		
@article {MR0121477,
    AUTHOR = {Royden, H. L.},
     TITLE = {The equation {$\Delta u=Pu$}, and the classification of open
              {R}iemann sufaces},
   JOURNAL = {Ann. Acad. Sci. Fenn. Ser. A I No.},
    VOLUME = {271},
      YEAR = {1959},
     PAGES = {27},
   MRCLASS = {30.00 (35.00)},
  MRNUMBER = {0121477},
MRREVIEWER = {W. C. Fox},
}
		
@incollection {MR0107196,
    AUTHOR = {Royden, H. L.},
     TITLE = {Remarks on primitive notions for elementary {E}uclidean and
              non-{E}uclidean plane geometry},
 BOOKTITLE = {The axiomatic method. {W}ith special reference to geometry and
              physics. {P}roceedings of an {I}nternational {S}ymposium held
              at the {U}niv. of {C}alif., {D}ec. 26, 1957-{J}an. 4, 1958
              (edited by {L}. {H}enkin, {P}. {S}uppes and {A}. {T}arski)},
    SERIES = {Studies in Logic and the Foundations of Mathematics},
     PAGES = {86--96},
 PUBLISHER = {North-Holland Publishing Co., Amsterdam},
      YEAR = {1959},
   MRCLASS = {50.00},
  MRNUMBER = {0107196},
MRREVIEWER = {F. A. Behrend},
}
		
@article {MR0103974,
    AUTHOR = {Royden, H. L.},
     TITLE = {Rings of meromorphic functions},
   JOURNAL = {Proc. Amer. Math. Soc.},
  FJOURNAL = {Proceedings of the American Mathematical Society},
    VOLUME = {9},
      YEAR = {1958},
     PAGES = {959--965},
      ISSN = {0002-9939},
   MRCLASS = {30.00 (46.00)},
  MRNUMBER = {0103974},
MRREVIEWER = {M. H. Heins},
       DOI = {10.2307/2033337},
       URL = {https://doi-org.colorado.idm.oclc.org/10.2307/2033337},
}
		
@article {MR0100673,
    AUTHOR = {Royden, H. L.},
     TITLE = {Open {R}iemann surfaces},
   JOURNAL = {Ann. Acad. Sci. Fenn. Ser. A. I, no.},
    VOLUME = {249/5},
      YEAR = {1958},
     PAGES = {13},
   MRCLASS = {30.00},
  MRNUMBER = {0100673},
MRREVIEWER = {L. Sario},
}
		
@article {MR0084229,
    AUTHOR = {Girshick, M. A. and Karlin, S. and Royden, H. L.},
     TITLE = {Multistage statistical decision procedures},
   JOURNAL = {Ann. Math. Statist.},
  FJOURNAL = {Annals of Mathematical Statistics},
    VOLUME = {28},
      YEAR = {1957},
     PAGES = {111--125},
      ISSN = {0003-4851},
   MRCLASS = {62.0X},
  MRNUMBER = {0084229},
MRREVIEWER = {F. C. Andrews},
       DOI = {10.1214/aoms/1177707040},
       URL = {https://doi-org.colorado.idm.oclc.org/10.1214/aoms/1177707040},
}
		
@article {MR0089908,
    AUTHOR = {Royden, H. L.},
     TITLE = {Rings of analytic and meromorphic functions},
   JOURNAL = {Trans. Amer. Math. Soc.},
  FJOURNAL = {Transactions of the American Mathematical Society},
    VOLUME = {83},
      YEAR = {1956},
     PAGES = {269--276},
      ISSN = {0002-9947},
   MRCLASS = {30.0X},
  MRNUMBER = {0089908},
MRREVIEWER = {W. Rudin},
       DOI = {10.2307/1992875},
       URL = {https://doi-org.colorado.idm.oclc.org/10.2307/1992875},
}
		
@incollection {MR0069897,
    AUTHOR = {Royden, H. L.},
     TITLE = {Conformal deformation},
 BOOKTITLE = {Lectures on functions of a complex variable},
     PAGES = {309--313},
 PUBLISHER = {The University of Michigan Press, Ann Arbor},
      YEAR = {1955},
   MRCLASS = {30.0X},
  MRNUMBER = {0069897},
MRREVIEWER = {J. Lelong},
}
		
@article {MR0064147,
    AUTHOR = {Royden, H. L.},
     TITLE = {The interpolation problem for schlicht functions},
   JOURNAL = {Ann. of Math. (2)},
  FJOURNAL = {Annals of Mathematics. Second Series},
    VOLUME = {60},
      YEAR = {1954},
     PAGES = {326--344},
      ISSN = {0003-486X},
   MRCLASS = {30.0X},
  MRNUMBER = {0064147},
MRREVIEWER = {W. K. Hayman},
       DOI = {10.2307/1969636},
       URL = {https://doi-org.colorado.idm.oclc.org/10.2307/1969636},
}
		
@article {MR0060598,
    AUTHOR = {Royden, H. L.},
     TITLE = {A property of quasi-conformal mapping},
   JOURNAL = {Proc. Amer. Math. Soc.},
  FJOURNAL = {Proceedings of the American Mathematical Society},
    VOLUME = {5},
      YEAR = {1954},
     PAGES = {266--269},
      ISSN = {0002-9939},
   MRCLASS = {30.0X},
  MRNUMBER = {0060598},
MRREVIEWER = {L. Sario},
       DOI = {10.2307/2032233},
       URL = {https://doi-org.colorado.idm.oclc.org/10.2307/2032233},
}
		
@article {MR0060020,
    AUTHOR = {Garabedian, P. R. and Royden, H. L.},
     TITLE = {The one-quarter theorem for mean univalent functions},
   JOURNAL = {Ann. of Math. (2)},
  FJOURNAL = {Annals of Mathematics. Second Series},
    VOLUME = {59},
      YEAR = {1954},
     PAGES = {316--324},
      ISSN = {0003-486X},
   MRCLASS = {30.0X},
  MRNUMBER = {0060020},
MRREVIEWER = {W. K. Hayman},
       DOI = {10.2307/1969696},
       URL = {https://doi-org.colorado.idm.oclc.org/10.2307/1969696},
}
		
@article {MR0059377,
    AUTHOR = {Royden, H. L.},
     TITLE = {The conformal rigidity of certain subdomains on a {R}iemann
              surface},
   JOURNAL = {Trans. Amer. Math. Soc.},
  FJOURNAL = {Transactions of the American Mathematical Society},
    VOLUME = {76},
      YEAR = {1954},
     PAGES = {14--25},
      ISSN = {0002-9947},
   MRCLASS = {30.0X},
  MRNUMBER = {0059377},
MRREVIEWER = {R. de Possel},
       DOI = {10.2307/1990742},
       URL = {https://doi-org.colorado.idm.oclc.org/10.2307/1990742},
}
		
@article {MR0056657,
    AUTHOR = {Royden, H. L.},
     TITLE = {Bounds on a distribution function when its first {$n$} moments
              are given},
   JOURNAL = {Ann. Math. Statistics},
  FJOURNAL = {Annals of Mathematical Statistics},
    VOLUME = {24},
      YEAR = {1953},
     PAGES = {361--376},
      ISSN = {0003-4851},
   MRCLASS = {27.0X},
  MRNUMBER = {0056657},
MRREVIEWER = {H. P. Mulholland},
       DOI = {10.1214/aoms/1177728977},
       URL = {https://doi-org.colorado.idm.oclc.org/10.1214/aoms/1177728977},
}
		
@incollection {MR0056098,
    AUTHOR = {Royden, H. L.},
     TITLE = {On the ideal boundary of a {R}iemann surface},
 BOOKTITLE = {Contributions to the theory of {R}iemann surfaces},
    SERIES = {Annals of Mathematics Studies, no. 30},
     PAGES = {107--109},
 PUBLISHER = {Princeton University Press, Princeton, N. J.},
      YEAR = {1953},
   MRCLASS = {30.0X},
  MRNUMBER = {0056098},
MRREVIEWER = {L. Sario},
}
		
@article {MR0054056,
    AUTHOR = {Royden, H. L.},
     TITLE = {Some counterexamples in the classification of open {R}iemann
              surfaces},
   JOURNAL = {Proc. Amer. Math. Soc.},
  FJOURNAL = {Proceedings of the American Mathematical Society},
    VOLUME = {4},
      YEAR = {1953},
     PAGES = {363--370},
      ISSN = {0002-9939},
   MRCLASS = {30.0X},
  MRNUMBER = {0054056},
MRREVIEWER = {L. Sario},
       DOI = {10.2307/2032131},
       URL = {https://doi-org.colorado.idm.oclc.org/10.2307/2032131},
}
		
@article {MR0054055,
    AUTHOR = {Ahlfors, Lars V. and Royden, H. L.},
     TITLE = {A counterexample in the classification of open {R}iemann
              surfaces},
   JOURNAL = {Ann. Acad. Sci. Fennicae. Ser. A. I. Math.-Phys.},
    VOLUME = {1952},
      YEAR = {1952},
    NUMBER = {120},
     PAGES = {5},
   MRCLASS = {30.0X},
  MRNUMBER = {0054055},
MRREVIEWER = {L. Sario},
}
		
@article {MR0049475,
    AUTHOR = {Royden, H. L.},
     TITLE = {A modification of the {N}eumann-{P}oincar\'{e} method for multiply
              connected regions},
   JOURNAL = {Pacific J. Math.},
  FJOURNAL = {Pacific Journal of Mathematics},
    VOLUME = {2},
      YEAR = {1952},
     PAGES = {385--394},
      ISSN = {0030-8730},
   MRCLASS = {45.0X},
  MRNUMBER = {0049475},
MRREVIEWER = {C. Saltzer},
       URL = {http://projecteuclid.org.colorado.idm.oclc.org/euclid.pjm/1103051784},
}
		
@article {MR0049396,
    AUTHOR = {Royden, H. L.},
     TITLE = {Harmonic functions on open {R}iemann surfaces},
   JOURNAL = {Trans. Amer. Math. Soc.},
  FJOURNAL = {Transactions of the American Mathematical Society},
    VOLUME = {73},
      YEAR = {1952},
     PAGES = {40--94},
      ISSN = {0002-9947},
   MRCLASS = {31.0X},
  MRNUMBER = {0049396},
MRREVIEWER = {L. Sario},
       DOI = {10.2307/1990823},
       URL = {https://doi-org.colorado.idm.oclc.org/10.2307/1990823},
}
		
@article {MR0048984,
    AUTHOR = {Garabedian, P. R. and Royden, H. L.},
     TITLE = {A remark on cavitational flow},
   JOURNAL = {Proc. Nat. Acad. Sci. U. S. A.},
  FJOURNAL = {Proceedings of the National Academy of Sciences of the United
              States of America},
    VOLUME = {38},
      YEAR = {1952},
     PAGES = {57--61},
      ISSN = {0027-8424},
   MRCLASS = {76.1X},
  MRNUMBER = {0048984},
MRREVIEWER = {J. Kravtchenko},
       DOI = {10.1073/pnas.38.1.57},
       URL = {https://doi-org.colorado.idm.oclc.org/10.1073/pnas.38.1.57},
}
		
@article {MR0048639,
    AUTHOR = {Royden, H. L.},
     TITLE = {On the regularity of boundary points in potential theory},
   JOURNAL = {Proc. Amer. Math. Soc.},
  FJOURNAL = {Proceedings of the American Mathematical Society},
    VOLUME = {3},
      YEAR = {1952},
     PAGES = {82--86},
      ISSN = {0002-9939},
   MRCLASS = {31.0X},
  MRNUMBER = {0048639},
MRREVIEWER = {R. de Possel},
       DOI = {10.2307/2032458},
       URL = {https://doi-org.colorado.idm.oclc.org/10.2307/2032458},
}
		
@book {MR2938144,
    AUTHOR = {Royden, Jr, Halsey L.},
     TITLE = {H{ARMONIC} {FUNCTIONS} {ON} {OPEN} {RIEMANN} {SURFACES}},
      NOTE = {Thesis (Ph.D.)--Harvard University},
 PUBLISHER = {ProQuest LLC, Ann Arbor, MI},
      YEAR = {1951},
     PAGES = {(no paging)},
   MRCLASS = {Thesis},
  MRNUMBER = {2938144},
       URL =
              {http://gateway.proquest.com.colorado.idm.oclc.org/openurl?url_ver=Z39.88-2004&rft_val_fmt=info:ofi/fmt:kev:mtx:dissertation&res_dat=xri:pqdiss&rft_dat=xri:pqdiss:0272450},
}
		
@article {MR0043914,
    AUTHOR = {Royden, H. L.},
     TITLE = {Some remarks on open {R}iemann surfaces},
   JOURNAL = {Ann. Acad. Sci. Fennicae. Ser. A. I. Math.-Phys.},
    VOLUME = {1951},
      YEAR = {1951},
    NUMBER = {85},
     PAGES = {8},
   MRCLASS = {30.0X},
  MRNUMBER = {0043914},
MRREVIEWER = {L. Sario},
}
		
@article {MR0033350,
    AUTHOR = {Royden, H. L.},
     TITLE = {The coefficient problem for bounded schlicht functions},
   JOURNAL = {Proc. Nat. Acad. Sci. U. S. A.},
  FJOURNAL = {Proceedings of the National Academy of Sciences of the United
              States of America},
    VOLUME = {35},
      YEAR = {1949},
     PAGES = {657--662},
      ISSN = {0027-8424},
   MRCLASS = {30.0X},
  MRNUMBER = {0033350},
MRREVIEWER = {M. S. Robertson},
       DOI = {10.1073/pnas.35.11.657},
       URL = {https://doi-org.colorado.idm.oclc.org/10.1073/pnas.35.11.657},
}