@book {MR2446682,
    AUTHOR = {Rudin, Walter},
     TITLE = {Function theory in the unit ball of {$\Bbb C^n$}},
    SERIES = {Classics in Mathematics},
      NOTE = {Reprint of the 1980 edition},
 PUBLISHER = {Springer-Verlag, Berlin},
      YEAR = {2008},
     PAGES = {xiv+436},
      ISBN = {978-3-540-68272-1},
   MRCLASS = {32-02 (32Axx 46E15 46E20)},
  MRNUMBER = {2446682},
}
		
@article {MR1792413,
    AUTHOR = {Rudin, Walter},
     TITLE = {Sums of squares of polynomials},
   JOURNAL = {Amer. Math. Monthly},
  FJOURNAL = {American Mathematical Monthly},
    VOLUME = {107},
      YEAR = {2000},
    NUMBER = {9},
     PAGES = {813--821},
      ISSN = {0002-9890},
   MRCLASS = {12D15 (11E10 11E76)},
  MRNUMBER = {1792413},
MRREVIEWER = {Danielle Gondard-Cozette},
       DOI = {10.2307/2695736},
       URL = {https://doi-org.colorado.idm.oclc.org/10.2307/2695736},
}
		
@book {MR1736644,
    AUTHOR = {Rudin, Walter},
     TITLE = {Reelle und komplexe {A}nalysis},
      NOTE = {Translated from the third English (1987) edition by Uwe Krieg},
 PUBLISHER = {R. Oldenbourg Verlag, Munich},
      YEAR = {1999},
     PAGES = {xiv+499},
      ISBN = {3-486-24789-1},
   MRCLASS = {00A05 (30-01 46-01)},
  MRNUMBER = {1736644},
}
		
@article {MR1718590,
    AUTHOR = {Rudin, Walter},
     TITLE = {A stability theorem},
   JOURNAL = {Amer. Math. Monthly},
  FJOURNAL = {American Mathematical Monthly},
    VOLUME = {106},
      YEAR = {1999},
    NUMBER = {8},
     PAGES = {768--770},
      ISSN = {0002-9890},
   MRCLASS = {32A10 (32A30)},
  MRNUMBER = {1718590},
MRREVIEWER = {Steven George Krantz},
       DOI = {10.2307/2589025},
       URL = {https://doi-org.colorado.idm.oclc.org/10.2307/2589025},
}
		
@article {MR1681658,
    AUTHOR = {Kunen, Kenneth and Rudin, Walter},
     TITLE = {Lacunarity and the {B}ohr topology},
   JOURNAL = {Math. Proc. Cambridge Philos. Soc.},
  FJOURNAL = {Mathematical Proceedings of the Cambridge Philosophical
              Society},
    VOLUME = {126},
      YEAR = {1999},
    NUMBER = {1},
     PAGES = {117--137},
      ISSN = {0305-0041},
   MRCLASS = {43A40 (22A10 43A46)},
  MRNUMBER = {1681658},
MRREVIEWER = {Temple H. Fay},
       DOI = {10.1017/S030500419800317X},
       URL = {https://doi-org.colorado.idm.oclc.org/10.1017/S030500419800317X},
}
		
@book {MR1651289,
    AUTHOR = {Rudin, Walter},
     TITLE = {So hab ich's erlebt},
      NOTE = {Von Wien nach Wisconsin---Erinnerungen eines Mathematikers.
              [From Vienna to Wisconsin---memoirs of a mathematician],
              Translated from the 1997 English original by Ina Paschen with
              the assistance of the author},
 PUBLISHER = {R. Oldenbourg Verlag, Munich},
      YEAR = {1998},
     PAGES = {viii+181},
      ISBN = {3-486-24577-5},
   MRCLASS = {01A70 (01A60)},
  MRNUMBER = {1651289},
}
		
@book {MR1645547,
    AUTHOR = {Rudin, Walter},
     TITLE = {Analiza rzeczywista i zespolona},
   EDITION = {Second},
      NOTE = {Translated from the English by Antoni Pierzchalski and Pawe\l 
              Walczak},
 PUBLISHER = {Wydawnictwo Naukowe PWN, Warsaw},
      YEAR = {1998},
     PAGES = {432},
      ISBN = {83-01-05124-8},
   MRCLASS = {00A05 (26-01 30-01 42-01 46-01)},
  MRNUMBER = {1645547},
}
		
@book {MR1413303,
    AUTHOR = {Rudin, Walter},
     TITLE = {The way {I} remember it},
    SERIES = {History of Mathematics},
    VOLUME = {12},
 PUBLISHER = {American Mathematical Society, Providence, RI; London
              Mathematical Society, London},
      YEAR = {1997},
     PAGES = {x+191},
      ISBN = {0-8218-0633-5},
   MRCLASS = {01A70 (01A60)},
  MRNUMBER = {1413303},
MRREVIEWER = {R. L. Cooke},
}
		
@book {MR1623939,
    AUTHOR = {Rudin, Walter},
     TITLE = {Podstawy analizy matematycznej},
   EDITION = {Fourth},
      NOTE = {Translated from the English by Wojciech Wojty\'{n}ski},
 PUBLISHER = {Wydawnictwo Naukowe PWN, Warsaw},
      YEAR = {1996},
     PAGES = {292},
      ISBN = {83-01-02846-7},
   MRCLASS = {26-01 (00A05)},
  MRNUMBER = {1623939},
}
		
@article {MR1413586,
    AUTHOR = {Ahern, Patrick and Rudin, Walter},
     TITLE = {Geometric properties of the gamma function},
   JOURNAL = {Amer. Math. Monthly},
  FJOURNAL = {American Mathematical Monthly},
    VOLUME = {103},
      YEAR = {1996},
    NUMBER = {8},
     PAGES = {678--681},
      ISSN = {0002-9890},
   MRCLASS = {33B15 (30A10 30C20 39B32)},
  MRNUMBER = {1413586},
MRREVIEWER = {Aurelio Cannizzo},
       DOI = {10.2307/2974879},
       URL = {https://doi-org.colorado.idm.oclc.org/10.2307/2974879},
}
		
@article {MR1384474,
    AUTHOR = {Rudin, Walter},
     TITLE = {The lemma of the logarithmic derivative for subharmonic
              functions},
   JOURNAL = {Math. Proc. Cambridge Philos. Soc.},
  FJOURNAL = {Mathematical Proceedings of the Cambridge Philosophical
              Society},
    VOLUME = {120},
      YEAR = {1996},
    NUMBER = {2},
     PAGES = {347--354},
      ISSN = {0305-0041},
   MRCLASS = {31A05 (30D35)},
  MRNUMBER = {1384474},
MRREVIEWER = {Steven George Krantz},
       DOI = {10.1017/S0305004100074909},
       URL = {https://doi-org.colorado.idm.oclc.org/10.1017/S0305004100074909},
}
		
@article {MR1351645,
    AUTHOR = {Rudin, Mary Ellen and Rudin, Walter},
     TITLE = {Continuous functions that are locally constant on dense sets},
   JOURNAL = {J. Funct. Anal.},
  FJOURNAL = {Journal of Functional Analysis},
    VOLUME = {133},
      YEAR = {1995},
    NUMBER = {1},
     PAGES = {129--137},
      ISSN = {0022-1236},
   MRCLASS = {54C30 (46E15)},
  MRNUMBER = {1351645},
MRREVIEWER = {J. E. Keesling},
       DOI = {10.1006/jfan.1995.1121},
       URL = {https://doi-org.colorado.idm.oclc.org/10.1006/jfan.1995.1121},
}
		
@article {MR1336641,
    AUTHOR = {Rudin, Walter},
     TITLE = {Injective polynomial maps are automorphisms},
   JOURNAL = {Amer. Math. Monthly},
  FJOURNAL = {American Mathematical Monthly},
    VOLUME = {102},
      YEAR = {1995},
    NUMBER = {6},
     PAGES = {540--543},
      ISSN = {0002-9890},
   MRCLASS = {14E07 (13B10 14E09 26B10 32H02)},
  MRNUMBER = {1336641},
MRREVIEWER = {L. Andrew Campbell},
       DOI = {10.2307/2974770},
       URL = {https://doi-org.colorado.idm.oclc.org/10.2307/2974770},
}
		
@article {MR1336443,
    AUTHOR = {Ahern, Patrick and Rudin, Walter},
     TITLE = {Periodic automorphisms of {${\bf C}^n$}},
   JOURNAL = {Indiana Univ. Math. J.},
  FJOURNAL = {Indiana University Mathematics Journal},
    VOLUME = {44},
      YEAR = {1995},
    NUMBER = {1},
     PAGES = {287--303},
      ISSN = {0022-2518},
   MRCLASS = {32H02 (32H50)},
  MRNUMBER = {1336443},
MRREVIEWER = {Brendan J. Weickert},
       DOI = {10.1512/iumj.1995.44.1989},
       URL = {https://doi-org.colorado.idm.oclc.org/10.1512/iumj.1995.44.1989},
}
		
@article {MR1269259,
    AUTHOR = {Ahern, Patrick and Rudin, Walter},
     TITLE = {Zero sets of functions in harmonic {H}ardy spaces},
   JOURNAL = {Math. Scand.},
  FJOURNAL = {Mathematica Scandinavica},
    VOLUME = {73},
      YEAR = {1993},
    NUMBER = {2},
     PAGES = {209--214},
      ISSN = {0025-5521},
   MRCLASS = {30D55},
  MRNUMBER = {1269259},
MRREVIEWER = {Manfred Stoll},
       DOI = {10.7146/math.scand.a-12466},
       URL = {https://doi-org.colorado.idm.oclc.org/10.7146/math.scand.a-12466},
}
		
@article {MR1266106,
    AUTHOR = {Ahern, Patrick and Rudin, Walter},
     TITLE = {Smoothness at infinity},
   JOURNAL = {Indiana Univ. Math. J.},
  FJOURNAL = {Indiana University Mathematics Journal},
    VOLUME = {42},
      YEAR = {1993},
    NUMBER = {4},
     PAGES = {1555--1561},
      ISSN = {0022-2518},
   MRCLASS = {32B15 (32H02)},
  MRNUMBER = {1266106},
       DOI = {10.1512/iumj.1993.42.42071},
       URL = {https://doi-org.colorado.idm.oclc.org/10.1512/iumj.1993.42.42071},
}
		
@article {MR1252994,
    AUTHOR = {Rudin, Walter},
     TITLE = {Preservation of level sets by automorphisms of {${\bf C}^n$}},
   JOURNAL = {Indag. Math. (N.S.)},
  FJOURNAL = {Koninklijke Nederlandse Akademie van Wetenschappen.
              Indagationes Mathematicae. New Series},
    VOLUME = {4},
      YEAR = {1993},
    NUMBER = {4},
     PAGES = {489--497},
      ISSN = {0019-3577},
   MRCLASS = {32H02 (32B15)},
  MRNUMBER = {1252994},
MRREVIEWER = {M. Klimek},
       DOI = {10.1016/0019-3577(93)90020-Y},
       URL = {https://doi-org.colorado.idm.oclc.org/10.1016/0019-3577(93)90020-Y},
}
		
@article {MR1237180,
    AUTHOR = {Rudin, Walter},
     TITLE = {Autohomeomorphisms of compact groups},
   JOURNAL = {Topology Appl.},
  FJOURNAL = {Topology and its Applications},
    VOLUME = {52},
      YEAR = {1993},
    NUMBER = {1},
     PAGES = {69--70},
      ISSN = {0166-8641},
   MRCLASS = {22C05 (28C10)},
  MRNUMBER = {1237180},
MRREVIEWER = {Dieter Remus},
       DOI = {10.1016/0166-8641(93)90091-Q},
       URL = {https://doi-org.colorado.idm.oclc.org/10.1016/0166-8641(93)90091-Q},
}
		
@article {MR1208033,
    AUTHOR = {Rosay, Jean-Pierre and Rudin, Walter},
     TITLE = {Growth of volume in {F}atou-{B}ieberbach regions},
   JOURNAL = {Publ. Res. Inst. Math. Sci.},
  FJOURNAL = {Kyoto University. Research Institute for Mathematical
              Sciences. Publications},
    VOLUME = {29},
      YEAR = {1993},
    NUMBER = {1},
     PAGES = {161--166},
      ISSN = {0034-5318},
   MRCLASS = {32H02},
  MRNUMBER = {1208033},
MRREVIEWER = {Eric Bedford},
       DOI = {10.2977/prims/1195167547},
       URL = {https://doi-org.colorado.idm.oclc.org/10.2977/prims/1195167547},
}
		
@incollection {MR1207881,
    AUTHOR = {Rosay, Jean-Pierre and Rudin, Walter},
     TITLE = {Holomorphic embeddings of {$\bold C$} in {$\bold C^n$}},
 BOOKTITLE = {Several complex variables ({S}tockholm, 1987/1988)},
    SERIES = {Math. Notes},
    VOLUME = {38},
     PAGES = {563--569},
 PUBLISHER = {Princeton Univ. Press, Princeton, NJ},
      YEAR = {1993},
   MRCLASS = {32H35},
  MRNUMBER = {1207881},
MRREVIEWER = {Camilla Horst},
}
		
@article {MR1203459,
    AUTHOR = {Ahern, Patrick and Flores, Manuel and Rudin, Walter},
     TITLE = {An invariant volume-mean-value property},
   JOURNAL = {J. Funct. Anal.},
  FJOURNAL = {Journal of Functional Analysis},
    VOLUME = {111},
      YEAR = {1993},
    NUMBER = {2},
     PAGES = {380--397},
      ISSN = {0022-1236},
   MRCLASS = {31B05 (31C05 32A37)},
  MRNUMBER = {1203459},
MRREVIEWER = {L. I. Ronkin},
       DOI = {10.1006/jfan.1993.1018},
       URL = {https://doi-org.colorado.idm.oclc.org/10.1006/jfan.1993.1018},
}
		
@incollection {MR1190966,
    AUTHOR = {Ahern, Patrick and Rudin, Walter},
     TITLE = {Hulls of {$3$}-spheres in {${\bf C}^3$}},
 BOOKTITLE = {The {M}adison {S}ymposium on {C}omplex {A}nalysis ({M}adison,
              {WI}, 1991)},
    SERIES = {Contemp. Math.},
    VOLUME = {137},
     PAGES = {1--27},
 PUBLISHER = {Amer. Math. Soc., Providence, RI},
      YEAR = {1992},
   MRCLASS = {32E20},
  MRNUMBER = {1190966},
MRREVIEWER = {Herbert Alexander},
       DOI = {10.1090/conm/137/1190966},
       URL = {https://doi-org.colorado.idm.oclc.org/10.1090/conm/137/1190966},
}
		
@article {MR1157935,
    AUTHOR = {Rudin, Walter},
     TITLE = {Power series with zero-sum on countable sets},
   JOURNAL = {Complex Variables Theory Appl.},
  FJOURNAL = {Complex Variables. Theory and Application. An International
              Journal},
    VOLUME = {18},
      YEAR = {1992},
    NUMBER = {3-4},
     PAGES = {283--284},
      ISSN = {0278-1077},
   MRCLASS = {30B10 (30B30)},
  MRNUMBER = {1157935},
MRREVIEWER = {Wolfgang Gawronski},
       DOI = {10.1080/17476939208814553},
       URL = {https://doi-org.colorado.idm.oclc.org/10.1080/17476939208814553},
}
		
@book {MR1157815,
    AUTHOR = {Rudin, Walter},
     TITLE = {Functional analysis},
    SERIES = {International Series in Pure and Applied Mathematics},
   EDITION = {Second},
 PUBLISHER = {McGraw-Hill, Inc., New York},
      YEAR = {1991},
     PAGES = {xviii+424},
      ISBN = {0-07-054236-8},
   MRCLASS = {46-01 (47-01)},
  MRNUMBER = {1157815},
}
		
@article {MR1123810,
    AUTHOR = {Mueller, Carl and Rudin, Walter},
     TITLE = {Proper holomorphic self-maps of plane regions},
   JOURNAL = {Complex Variables Theory Appl.},
  FJOURNAL = {Complex Variables. Theory and Application. An International
              Journal},
    VOLUME = {17},
      YEAR = {1991},
    NUMBER = {1-2},
     PAGES = {113--121},
      ISSN = {0278-1077},
   MRCLASS = {30C25 (30F99)},
  MRNUMBER = {1123810},
MRREVIEWER = {Eric Bedford},
       DOI = {10.1080/17476939108814502},
       URL = {https://doi-org.colorado.idm.oclc.org/10.1080/17476939108814502},
}
		
@article {MR1123356,
    AUTHOR = {Ahern, Patrick and Rudin, Walter},
     TITLE = {{${\scr M}$}-harmonic products},
   JOURNAL = {Indag. Math. (N.S.)},
  FJOURNAL = {Koninklijke Nederlandse Akademie van Wetenschappen.
              Indagationes Mathematicae. New Series},
    VOLUME = {2},
      YEAR = {1991},
    NUMBER = {2},
     PAGES = {141--147},
      ISSN = {0019-3577},
   MRCLASS = {32A99 (31C99)},
  MRNUMBER = {1123356},
MRREVIEWER = {Carlos A. Berenstein},
       DOI = {10.1016/0019-3577(91)90001-N},
       URL = {https://doi-org.colorado.idm.oclc.org/10.1016/0019-3577(91)90001-N},
}
		
@book {MR1038803,
    AUTHOR = {Rudin, Walter},
     TITLE = {Fourier analysis on groups},
    SERIES = {Wiley Classics Library},
      NOTE = {Reprint of the 1962 original,
              A Wiley-Interscience Publication},
 PUBLISHER = {John Wiley \& Sons, Inc., New York},
      YEAR = {1990},
     PAGES = {x+285},
      ISBN = {0-471-52364-X},
   MRCLASS = {43-02 (01A75)},
  MRNUMBER = {1038803},
       DOI = {10.1002/9781118165621},
       URL = {https://doi-org.colorado.idm.oclc.org/10.1002/9781118165621},
}
		
@article {MR1001280,
    AUTHOR = {Nashold, Karen M. and Bucklew, James A. and Rudin, Walter and
              Saleh, Bahaa E. A.},
     TITLE = {Synthesis of binary images from band-limited functions},
   JOURNAL = {J. Opt. Soc. Amer. A},
  FJOURNAL = {Journal of the Optical Society of America A},
    VOLUME = {6},
      YEAR = {1989},
    NUMBER = {6},
     PAGES = {852--858},
      ISSN = {0740-3232},
   MRCLASS = {94A12},
  MRNUMBER = {1001280},
       DOI = {10.1364/JOSAA.6.000852},
       URL = {https://doi-org.colorado.idm.oclc.org/10.1364/JOSAA.6.000852},
}
		
@article {MR994035,
    AUTHOR = {Rosay, Jean-Pierre and Rudin, Walter},
     TITLE = {Arakelian's approximation theorem},
   JOURNAL = {Amer. Math. Monthly},
  FJOURNAL = {American Mathematical Monthly},
    VOLUME = {96},
      YEAR = {1989},
    NUMBER = {5},
     PAGES = {432--434},
      ISSN = {0002-9890},
   MRCLASS = {30E10},
  MRNUMBER = {994035},
MRREVIEWER = {V. P. Khavin},
       DOI = {10.2307/2325151},
       URL = {https://doi-org.colorado.idm.oclc.org/10.2307/2325151},
}
		
@article {MR989939,
    AUTHOR = {Rosay, Jean-Pierre and Rudin, Walter},
     TITLE = {A maximum principle for sums of subharmonic functions, and the
              convexity of level sets},
   JOURNAL = {Michigan Math. J.},
  FJOURNAL = {Michigan Mathematical Journal},
    VOLUME = {36},
      YEAR = {1989},
    NUMBER = {1},
     PAGES = {95--111},
      ISSN = {0026-2285},
   MRCLASS = {31B05},
  MRNUMBER = {989939},
MRREVIEWER = {Alexander Russakovski\u{\i}},
       DOI = {10.1307/mmj/1029003884},
       URL = {https://doi-org.colorado.idm.oclc.org/10.1307/mmj/1029003884},
}
		
@article {MR976525,
    AUTHOR = {Globevnik, Josip and Rudin, Walter},
     TITLE = {A characterization of harmonic functions},
   JOURNAL = {Nederl. Akad. Wetensch. Indag. Math.},
  FJOURNAL = {Koninklijke Nederlandse Akademie van Wetenschappen.
              Indagationes Mathematicae},
    VOLUME = {50},
      YEAR = {1988},
    NUMBER = {4},
     PAGES = {419--426},
      ISSN = {0019-3577},
   MRCLASS = {31B05},
  MRNUMBER = {976525},
MRREVIEWER = {D. H. Armitage},
}
		
@article {MR963502,
    AUTHOR = {Ahern, Patrick and Rudin, Walter},
     TITLE = {Paley-type gap theorems for {$H^p$}-functions on the ball},
   JOURNAL = {Indiana Univ. Math. J.},
  FJOURNAL = {Indiana University Mathematics Journal},
    VOLUME = {37},
      YEAR = {1988},
    NUMBER = {2},
     PAGES = {255--275},
      ISSN = {0022-2518},
   MRCLASS = {32A35},
  MRNUMBER = {963502},
MRREVIEWER = {Algirdas Zabulionis},
       DOI = {10.1512/iumj.1988.37.37013},
       URL = {https://doi-org.colorado.idm.oclc.org/10.1512/iumj.1988.37.37013},
}
		
@article {MR938456,
    AUTHOR = {Rudin, Walter},
     TITLE = {Tangential {$H^\infty$}-images of boundary curves},
   JOURNAL = {Math. Proc. Cambridge Philos. Soc.},
  FJOURNAL = {Mathematical Proceedings of the Cambridge Philosophical
              Society},
    VOLUME = {104},
      YEAR = {1988},
    NUMBER = {1},
     PAGES = {115--118},
      ISSN = {0305-0041},
   MRCLASS = {32A40 (30D40 32A30)},
  MRNUMBER = {938456},
MRREVIEWER = {S. H. Kon},
       DOI = {10.1017/S0305004100065282},
       URL = {https://doi-org.colorado.idm.oclc.org/10.1017/S0305004100065282},
}
		
@article {MR929658,
    AUTHOR = {Rosay, Jean-Pierre and Rudin, Walter},
     TITLE = {Holomorphic maps from {${\bf C}^n$} to {${\bf C}^n$}},
   JOURNAL = {Trans. Amer. Math. Soc.},
  FJOURNAL = {Transactions of the American Mathematical Society},
    VOLUME = {310},
      YEAR = {1988},
    NUMBER = {1},
     PAGES = {47--86},
      ISSN = {0002-9947},
   MRCLASS = {32H35},
  MRNUMBER = {929658},
MRREVIEWER = {Yasuichiro Nishimura},
       DOI = {10.2307/2001110},
       URL = {https://doi-org.colorado.idm.oclc.org/10.2307/2001110},
}
		
@book {MR924157,
    AUTHOR = {Rudin, Walter},
     TITLE = {Real and complex analysis},
   EDITION = {Third},
 PUBLISHER = {McGraw-Hill Book Co., New York},
      YEAR = {1987},
     PAGES = {xiv+416},
      ISBN = {0-07-054234-1},
   MRCLASS = {00A05 (26-01 30-01 46-01)},
  MRNUMBER = {924157},
}
		
@article {MR876995,
    AUTHOR = {Ahern, Patrick and Rudin, Walter},
     TITLE = {Bloch functions, {BMO}, and boundary zeros},
   JOURNAL = {Indiana Univ. Math. J.},
  FJOURNAL = {Indiana University Mathematics Journal},
    VOLUME = {36},
      YEAR = {1987},
    NUMBER = {1},
     PAGES = {131--148},
      ISSN = {0022-2518},
   MRCLASS = {42B30 (30D40 32A40)},
  MRNUMBER = {876995},
MRREVIEWER = {Burglind J\"{o}ricke},
       DOI = {10.1512/iumj.1987.36.36007},
       URL = {https://doi-org.colorado.idm.oclc.org/10.1512/iumj.1987.36.36007},
}
		
@book {MR850722,
    AUTHOR = {Rudin, Walter},
     TITLE = {Analiza rzeczywista i zespolona},
      NOTE = {Translated from the English by Antoni Pierzchalski and Pawe\l 
              Walczak},
 PUBLISHER = {Pa\'{n}stwowe Wydawnictwo Naukowe (PWN), Warsaw},
      YEAR = {1986},
     PAGES = {432},
      ISBN = {83-01-05124-8},
   MRCLASS = {00A05},
  MRNUMBER = {850722},
}
		
@article {MR846500,
    AUTHOR = {Duren, Peter and Rudin, Walter},
     TITLE = {Distortion in several variables},
   JOURNAL = {Complex Variables Theory Appl.},
  FJOURNAL = {Complex Variables. Theory and Application. An International
              Journal},
    VOLUME = {5},
      YEAR = {1986},
    NUMBER = {2-4},
     PAGES = {323--326},
      ISSN = {0278-1077},
   MRCLASS = {32A30 (30C45)},
  MRNUMBER = {846500},
MRREVIEWER = {Martin Schottenloher},
       DOI = {10.1080/17476938608814152},
       URL = {https://doi-org.colorado.idm.oclc.org/10.1080/17476938608814152},
}
		
@book {MR840468,
    AUTHOR = {Rudin, Walter},
     TITLE = {New constructions of functions holomorphic in the unit ball of
              {${\bf C}^n$}},
    SERIES = {CBMS Regional Conference Series in Mathematics},
    VOLUME = {63},
 PUBLISHER = {Published for the Conference Board of the Mathematical
              Sciences, Washington, DC; by the American Mathematical
              Society, Providence, RI},
      YEAR = {1986},
     PAGES = {xvi+78},
      ISBN = {0-8218-0713-7},
   MRCLASS = {32A35 (32A40)},
  MRNUMBER = {840468},
MRREVIEWER = {J. A. Cima},
       DOI = {10.1090/cbms/063},
       URL = {https://doi-org.colorado.idm.oclc.org/10.1090/cbms/063},
}
		
@article {MR841834,
    AUTHOR = {Rudin, Walter},
     TITLE = {The {R}yll-{W}ojtaszczyk polynomials},
   JOURNAL = {Ann. Polon. Math.},
  FJOURNAL = {Polska Akademia Nauk. Annales Polonici Mathematici},
    VOLUME = {46},
      YEAR = {1985},
     PAGES = {291--294},
      ISSN = {0066-2216},
   MRCLASS = {32A35},
  MRNUMBER = {841834},
MRREVIEWER = {Jan Wiegerinck},
       DOI = {10.4064/ap-46-1-291-294},
       URL = {https://doi-org.colorado.idm.oclc.org/10.4064/ap-46-1-291-294},
}
		
@article {MR820622,
    AUTHOR = {Rudin, Walter},
     TITLE = {Invariant subspaces of {$H^2$} on a torus},
   JOURNAL = {J. Funct. Anal.},
  FJOURNAL = {Journal of Functional Analysis},
    VOLUME = {61},
      YEAR = {1985},
    NUMBER = {3},
     PAGES = {378--384},
      ISSN = {0022-1236},
   MRCLASS = {46J15 (32A35)},
  MRNUMBER = {820622},
MRREVIEWER = {Jan Janas},
       DOI = {10.1016/0022-1236(85)90029-1},
       URL = {https://doi-org.colorado.idm.oclc.org/10.1016/0022-1236(85)90029-1},
}
		
@article {MR801223,
    AUTHOR = {Rudin, Walter},
     TITLE = {Unique right inverses are two-sided},
   JOURNAL = {Amer. Math. Monthly},
  FJOURNAL = {American Mathematical Monthly},
    VOLUME = {92},
      YEAR = {1985},
    NUMBER = {7},
     PAGES = {489--490},
      ISSN = {0002-9890},
   MRCLASS = {16-01 (46-01)},
  MRNUMBER = {801223},
       DOI = {10.2307/2322505},
       URL = {https://doi-org.colorado.idm.oclc.org/10.2307/2322505},
}
		
@article {MR787894,
    AUTHOR = {Ahern, Patrick and Rudin, Walter},
     TITLE = {Totally real embeddings of {$S^3$} in {${\bf C}^3$}},
   JOURNAL = {Proc. Amer. Math. Soc.},
  FJOURNAL = {Proceedings of the American Mathematical Society},
    VOLUME = {94},
      YEAR = {1985},
    NUMBER = {3},
     PAGES = {460--462},
      ISSN = {0002-9939},
   MRCLASS = {32F25 (57R40)},
  MRNUMBER = {787894},
MRREVIEWER = {Gary A. Harris},
       DOI = {10.2307/2045235},
       URL = {https://doi-org.colorado.idm.oclc.org/10.2307/2045235},
}
		
@article {MR777299,
    AUTHOR = {Rudin, Walter},
     TITLE = {The variation of holomorphic functions on tangential boundary
              curves},
   JOURNAL = {Michigan Math. J.},
  FJOURNAL = {Michigan Mathematical Journal},
    VOLUME = {32},
      YEAR = {1985},
    NUMBER = {1},
     PAGES = {41--45},
      ISSN = {0026-2285},
   MRCLASS = {30B30 (31A15)},
  MRNUMBER = {777299},
MRREVIEWER = {J.-P. Kahane},
       DOI = {10.1307/mmj/1029003130},
       URL = {https://doi-org.colorado.idm.oclc.org/10.1307/mmj/1029003130},
}
		
@book {MR784431,
    AUTHOR = {Rudin, U.},
     TITLE = {\cyr {T}eoriya funktsi\u{\i} v edinichnom share iz {${\bf C}^n$}},
      NOTE = {Translated from the English by A. B. Aleksandrov, S. M.
              Ivashkovich and E. B. Shabat,
              Translation edited and with a preface by E. M. Chirka},
 PUBLISHER = {``Mir'', Moscow},
      YEAR = {1984},
     PAGES = {456},
   MRCLASS = {32-01},
  MRNUMBER = {784431},
}
		
@article {MR770982,
    AUTHOR = {Rudin, Walter},
     TITLE = {Composition with inner functions},
   JOURNAL = {Complex Variables Theory Appl.},
  FJOURNAL = {Complex Variables. Theory and Application. An International
              Journal},
    VOLUME = {4},
      YEAR = {1984},
    NUMBER = {1},
     PAGES = {7--19},
      ISSN = {0278-1077},
   MRCLASS = {32A40 (31C10)},
  MRNUMBER = {770982},
MRREVIEWER = {S. H. Kon},
       DOI = {10.1080/17476938408814087},
       URL = {https://doi-org.colorado.idm.oclc.org/10.1080/17476938408814087},
}
		
@inproceedings {MR769510,
    AUTHOR = {Rudin, Walter},
     TITLE = {Nevanlinna's interpolation theorem revisited},
 BOOKTITLE = {Proceedings of the conference on {B}anach algebras and several
              complex variables ({N}ew {H}aven, {C}onn., 1983)},
    SERIES = {Contemp. Math.},
    VOLUME = {32},
     PAGES = {217--221},
 PUBLISHER = {Amer. Math. Soc., Providence, RI},
      YEAR = {1984},
   MRCLASS = {30D35 (32A40)},
  MRNUMBER = {769510},
MRREVIEWER = {M. Herv\'{e}},
       DOI = {10.1090/conm/032/769510},
       URL = {https://doi-org.colorado.idm.oclc.org/10.1090/conm/032/769510},
}
		
@article {MR748979,
    AUTHOR = {Rudin, Walter},
     TITLE = {Homogeneous polynomial maps},
   JOURNAL = {Nederl. Akad. Wetensch. Indag. Math.},
  FJOURNAL = {Koninklijke Nederlandse Akademie van Wetenschappen.
              Indagationes Mathematicae},
    VOLUME = {46},
      YEAR = {1984},
    NUMBER = {1},
     PAGES = {55--61},
      ISSN = {0019-3577},
   MRCLASS = {32H99},
  MRNUMBER = {748979},
MRREVIEWER = {Tadeusz Winiarski},
}
		
@article {MR740244,
    AUTHOR = {Rudin, Walter},
     TITLE = {The inner function problem},
   JOURNAL = {Amer. Math. Monthly},
  FJOURNAL = {American Mathematical Monthly},
    VOLUME = {91},
      YEAR = {1984},
    NUMBER = {5},
     PAGES = {301--302},
      ISSN = {0002-9890},
   MRCLASS = {32A40 (01A65)},
  MRNUMBER = {740244},
       DOI = {10.2307/2322673},
       URL = {https://doi-org.colorado.idm.oclc.org/10.2307/2322673},
}
		
@article {MR777414,
    AUTHOR = {Rudin, Walter},
     TITLE = {Eigenfunctions of the invariant {L}aplacian in {$B$}},
   JOURNAL = {J. Analyse Math.},
  FJOURNAL = {Journal d'Analyse Math\'{e}matique},
    VOLUME = {43},
      YEAR = {1983/84},
     PAGES = {136--148},
      ISSN = {0021-7670},
   MRCLASS = {32M15 (31C05 58G25)},
  MRNUMBER = {777414},
MRREVIEWER = {Manfred Stoll},
       DOI = {10.1007/BF02790180},
       URL = {https://doi-org.colorado.idm.oclc.org/10.1007/BF02790180},
}
		
@incollection {MR730090,
    AUTHOR = {Nagel, Alexander and Rudin, Walter and Shapiro, Joel H.},
     TITLE = {Tangential boundary behavior of harmonic extensions of
              {$L^{p}$} potentials},
 BOOKTITLE = {Conference on harmonic analysis in honor of {A}ntoni
              {Z}ygmund, {V}ol. {I}, {II} ({C}hicago, {I}ll., 1981)},
    SERIES = {Wadsworth Math. Ser.},
     PAGES = {533--548},
 PUBLISHER = {Wadsworth, Belmont, CA},
      YEAR = {1983},
   MRCLASS = {31A20 (31B25)},
  MRNUMBER = {730090},
}
		
@article {MR699485,
    AUTHOR = {Rudin, Walter},
     TITLE = {Moebius-invariant algebras in balls},
   JOURNAL = {Ann. Inst. Fourier (Grenoble)},
  FJOURNAL = {Universit\'{e} de Grenoble. Annales de l'Institut Fourier},
    VOLUME = {33},
      YEAR = {1983},
    NUMBER = {2},
     PAGES = {19--41},
      ISSN = {0373-0956},
   MRCLASS = {32E25 (32A35 46J15)},
  MRNUMBER = {699485},
MRREVIEWER = {E. L. Stout},
       URL = {http://www.numdam.org/item?id=AIF_1983__33_2_19_0},
}
		
@article {MR691011,
    AUTHOR = {Rudin, Walter},
     TITLE = {Well-distributed measurable sets},
   JOURNAL = {Amer. Math. Monthly},
  FJOURNAL = {The American Mathematical Monthly},
    VOLUME = {90},
      YEAR = {1983},
    NUMBER = {1},
     PAGES = {41--42},
      ISSN = {0002-9890},
   MRCLASS = {28A05},
  MRNUMBER = {691011},
       DOI = {10.2307/2975692},
       URL = {https://doi-org.colorado.idm.oclc.org/10.2307/2975692},
}
		
@article {MR690001,
    AUTHOR = {Rudin, Walter},
     TITLE = {Inner functions in the unit ball of {${\bf C}^{n}$}},
   JOURNAL = {J. Funct. Anal.},
  FJOURNAL = {Journal of Functional Analysis},
    VOLUME = {50},
      YEAR = {1983},
    NUMBER = {1},
     PAGES = {100--126},
      ISSN = {0022-1236},
   MRCLASS = {32A40 (46J15)},
  MRNUMBER = {690001},
MRREVIEWER = {Harold P. Boas},
       DOI = {10.1016/0022-1236(83)90062-9},
       URL = {https://doi-org.colorado.idm.oclc.org/10.1016/0022-1236(83)90062-9},
}
		
@article {MR672838,
    AUTHOR = {Nagel, Alexander and Rudin, Walter and Shapiro, Joel H.},
     TITLE = {Tangential boundary behavior of functions in {D}irichlet-type
              spaces},
   JOURNAL = {Ann. of Math. (2)},
  FJOURNAL = {Annals of Mathematics. Second Series},
    VOLUME = {116},
      YEAR = {1982},
    NUMBER = {2},
     PAGES = {331--360},
      ISSN = {0003-486X},
   MRCLASS = {31B25 (30D40 31C25)},
  MRNUMBER = {672838},
MRREVIEWER = {David R. Adams},
       DOI = {10.2307/2007064},
       URL = {https://doi-org.colorado.idm.oclc.org/10.2307/2007064},
}
		
@article {MR667790,
    AUTHOR = {Rudin, Walter},
     TITLE = {Proper holomorphic maps and finite reflection groups},
   JOURNAL = {Indiana Univ. Math. J.},
  FJOURNAL = {Indiana University Mathematics Journal},
    VOLUME = {31},
      YEAR = {1982},
    NUMBER = {5},
     PAGES = {701--720},
      ISSN = {0022-2518},
   MRCLASS = {32H35 (14D25)},
  MRNUMBER = {667790},
MRREVIEWER = {Harold P. Boas},
       DOI = {10.1512/iumj.1982.31.31050},
       URL = {https://doi-org.colorado.idm.oclc.org/10.1512/iumj.1982.31.31050},
}
		
@article {MR650671,
    AUTHOR = {Rudin, Walter},
     TITLE = {Nonuniqueness and growth in first-order differential
              equations},
   JOURNAL = {Amer. Math. Monthly},
  FJOURNAL = {The American Mathematical Monthly},
    VOLUME = {89},
      YEAR = {1982},
    NUMBER = {4},
     PAGES = {241--244},
      ISSN = {0002-9890},
   MRCLASS = {34A10},
  MRNUMBER = {650671},
MRREVIEWER = {T. G. Proctor},
       DOI = {10.2307/2320223},
       URL = {https://doi-org.colorado.idm.oclc.org/10.2307/2320223},
}
		
@incollection {MR634266,
    AUTHOR = {Rudin, Walter},
     TITLE = {Lebesgue's first theorem},
 BOOKTITLE = {Mathematical analysis and applications, {P}art {B}},
    SERIES = {Adv. in Math. Suppl. Stud.},
    VOLUME = {7},
     PAGES = {741--747},
 PUBLISHER = {Academic Press, New York-London},
      YEAR = {1981},
   MRCLASS = {28A20 (26A21 26B99)},
  MRNUMBER = {634266},
MRREVIEWER = {N. Passell},
}
		
@article {MR617456,
    AUTHOR = {Rudin, Walter},
     TITLE = {The finiteness of compact varieties in {${\bf C}^{n}$}},
   JOURNAL = {Ann. Polon. Math.},
  FJOURNAL = {Polska Akademia Nauk. Annales Polonici Mathematici},
    VOLUME = {39},
      YEAR = {1981},
     PAGES = {143--147},
      ISSN = {0066-2216},
   MRCLASS = {32C25 (32-01)},
  MRNUMBER = {617456},
MRREVIEWER = {Georges Dloussky},
       DOI = {10.4064/ap-39-1-143-147},
       URL = {https://doi-org.colorado.idm.oclc.org/10.4064/ap-39-1-143-147},
}
		
@article {MR614897,
    AUTHOR = {Rudin, Walter},
     TITLE = {Totally real {K}lein bottles in {${\bf C}^{2}$}},
   JOURNAL = {Proc. Amer. Math. Soc.},
  FJOURNAL = {Proceedings of the American Mathematical Society},
    VOLUME = {82},
      YEAR = {1981},
    NUMBER = {4},
     PAGES = {653--654},
      ISSN = {0002-9939},
   MRCLASS = {32A15 (32H99 57N05)},
  MRNUMBER = {614897},
MRREVIEWER = {Eric Amar},
       DOI = {10.2307/2043790},
       URL = {https://doi-org.colorado.idm.oclc.org/10.2307/2043790},
}
		
@article {MR597656,
    AUTHOR = {Rudin, Walter},
     TITLE = {Holomorphic maps that extend to automorphisms of a ball},
   JOURNAL = {Proc. Amer. Math. Soc.},
  FJOURNAL = {Proceedings of the American Mathematical Society},
    VOLUME = {81},
      YEAR = {1981},
    NUMBER = {3},
     PAGES = {429--432},
      ISSN = {0002-9939},
   MRCLASS = {32D15 (32H99)},
  MRNUMBER = {597656},
MRREVIEWER = {Peter Pflug},
       DOI = {10.2307/2043480},
       URL = {https://doi-org.colorado.idm.oclc.org/10.2307/2043480},
}
		
@book {MR662565,
    AUTHOR = {Rudin, Walter},
     TITLE = {Analyse r\'{e}elle et complexe},
      NOTE = {Translated from the first English edition by N. Dhombres and
              F. Hoffman,
              Third printing},
 PUBLISHER = {Masson, Paris},
      YEAR = {1980},
     PAGES = {x+397},
      ISBN = {2-225-48400-7},
   MRCLASS = {26-01 (28-01 30-01 42-01 46-01)},
  MRNUMBER = {662565},
}
		
@book {MR659654,
    AUTHOR = {Rudin, Walter},
     TITLE = {Analysis},
      NOTE = {Translated from the third English edition by Martin Lorenz and
              Christine Eule},
 PUBLISHER = {Physik Verlag, Weinheim; distributed by Verlag Chemie
              International, Inc., Deerfield Beach, Fla.},
      YEAR = {1980},
     PAGES = {xi+335},
      ISBN = {3-87664-039-3},
   MRCLASS = {26-01 (28-01)},
  MRNUMBER = {659654},
}
		
@book {MR601594,
    AUTHOR = {Rudin, Walter},
     TITLE = {Function theory in the unit ball of {${\bf C}^{n}$}},
    SERIES = {Grundlehren der Mathematischen Wissenschaften [Fundamental
              Principles of Mathematical Science]},
    VOLUME = {241},
 PUBLISHER = {Springer-Verlag, New York-Berlin},
      YEAR = {1980},
     PAGES = {xiii+436},
      ISBN = {0-387-90514-6},
   MRCLASS = {32-01 (32A07 32A10)},
  MRNUMBER = {601594},
MRREVIEWER = {L. I. Ronkin},
}
		
@article {MR584696,
    AUTHOR = {Rudin, Walter},
     TITLE = {Some representing measures for the ball algebra},
   JOURNAL = {Michigan Math. J.},
  FJOURNAL = {The Michigan Mathematical Journal},
    VOLUME = {27},
      YEAR = {1980},
    NUMBER = {3},
     PAGES = {315--320},
      ISSN = {0026-2285},
   MRCLASS = {32A35},
  MRNUMBER = {584696},
MRREVIEWER = {E. L. Stout},
       URL = {http://projecteuclid.org.colorado.idm.oclc.org/euclid.mmj/1029002405},
}
		
@article {MR546760,
    AUTHOR = {Rudin, Walter},
     TITLE = {Unitarily invariant algebras of continuous functions of
              spheres},
   JOURNAL = {Houston J. Math.},
  FJOURNAL = {Houston Journal of Mathematics},
    VOLUME = {5},
      YEAR = {1979},
    NUMBER = {2},
     PAGES = {253--265},
      ISSN = {0362-1588},
   MRCLASS = {46J10 (32A99)},
  MRNUMBER = {546760},
MRREVIEWER = {Charles Horowitz},
}
		
@article {MR516096,
    AUTHOR = {Rudin, Walter},
     TITLE = {Inner function images of radii},
   JOURNAL = {Math. Proc. Cambridge Philos. Soc.},
  FJOURNAL = {Mathematical Proceedings of the Cambridge Philosophical
              Society},
    VOLUME = {85},
      YEAR = {1979},
    NUMBER = {2},
     PAGES = {357--360},
      ISSN = {0305-0041},
   MRCLASS = {30D40},
  MRNUMBER = {516096},
MRREVIEWER = {George L. Csordas},
       DOI = {10.1017/S030500410005578X},
       URL = {https://doi-org.colorado.idm.oclc.org/10.1017/S030500410005578X},
}
		
@article {MR507830,
    AUTHOR = {Rudin, Walter},
     TITLE = {Tauberian theorems for positive harmonic functions},
   JOURNAL = {Nederl. Akad. Wetensch. Indag. Math.},
  FJOURNAL = {Koninklijke Nederlandse Akademie van Wetenschappen.
              Indagationes Mathematicae},
    VOLUME = {40},
      YEAR = {1978},
    NUMBER = {3},
     PAGES = {376--384},
      ISSN = {0019-3577},
   MRCLASS = {31B05},
  MRNUMBER = {507830},
MRREVIEWER = {W. H. J. Fuchs},
}
		
@article {MR506535,
    AUTHOR = {Rudin, Walter},
     TITLE = {The fixed-point sets of some holomorphic maps},
   JOURNAL = {Bull. Malaysian Math. Soc. (2)},
  FJOURNAL = {Malaysian Mathematical Society. Bulletin. Second Series},
    VOLUME = {1},
      YEAR = {1978},
     PAGES = {25--28},
      ISSN = {0126-6705},
   MRCLASS = {32A10},
  MRNUMBER = {506535},
MRREVIEWER = {D. J. Eustice},
}
		
@article {MR0486630,
    AUTHOR = {Rudin, Walter},
     TITLE = {Peak-interpolation sets of class {$C^{1}$}},
   JOURNAL = {Pacific J. Math.},
  FJOURNAL = {Pacific Journal of Mathematics},
    VOLUME = {75},
      YEAR = {1978},
    NUMBER = {1},
     PAGES = {267--279},
      ISSN = {0030-8730},
   MRCLASS = {32E25 (46J15)},
  MRNUMBER = {0486630},
MRREVIEWER = {E. L. Stout},
       URL = {http://projecteuclid.org.colorado.idm.oclc.org/euclid.pjm/1102810162},
}
		
@article {MR0486596,
    AUTHOR = {Rudin, Walter},
     TITLE = {Holomorphic {L}ipschitz functions in balls},
   JOURNAL = {Comment. Math. Helv.},
  FJOURNAL = {Commentarii Mathematici Helvetici},
    VOLUME = {53},
      YEAR = {1978},
    NUMBER = {1},
     PAGES = {143--147},
      ISSN = {0010-2571},
   MRCLASS = {32A30},
  MRNUMBER = {0486596},
MRREVIEWER = {P. Agranovic},
       DOI = {10.1007/BF02566070},
       URL = {https://doi-org.colorado.idm.oclc.org/10.1007/BF02566070},
}
		
@article {MR0486595,
    AUTHOR = {Nagel, Alexander and Rudin, Walter},
     TITLE = {Local boundary behavior of bounded holomorphic functions},
   JOURNAL = {Canad. J. Math.},
  FJOURNAL = {Canadian Journal of Mathematics. Journal Canadien de
              Math\'{e}matiques},
    VOLUME = {30},
      YEAR = {1978},
    NUMBER = {3},
     PAGES = {583--592},
      ISSN = {0008-414X},
   MRCLASS = {32A30},
  MRNUMBER = {0486595},
MRREVIEWER = {A. Hirschowitz},
       DOI = {10.4153/CJM-1978-051-2},
       URL = {https://doi-org.colorado.idm.oclc.org/10.4153/CJM-1978-051-2},
}
		
@incollection {MR565004,
    AUTHOR = {Rudin, Walter},
     TITLE = {Peak-interpolation sets for the ball algebra},
 BOOKTITLE = {Colloque d'{A}nalyse {H}armonique et {C}omplexe},
     PAGES = {6 pp. (not consecutively paged)},
 PUBLISHER = {Univ. Aix-Marseille I, Marseille},
      YEAR = {1977},
   MRCLASS = {32A40 (32E25 46J15)},
  MRNUMBER = {565004},
MRREVIEWER = {Eric Amar},
}
		
@article {MR0499229,
    AUTHOR = {Rudin, Walter},
     TITLE = {Holomorphic maps of discs into {$F$}-spaces},
 BOOKTITLE = {Complex analysis ({P}roc. {C}onf., {U}niv. {K}entucky,
              {L}exington, {K}y., 1976)},
     PAGES = {104--108. Lecture Notes in Math., Vol. 599},
 PUBLISHER = {Springer, Berlin},
      YEAR = {1977},
   MRCLASS = {30A96},
  MRNUMBER = {0499229},
MRREVIEWER = {D. J. Patil},
}
		
@book {MR0497401,
    AUTHOR = {Rudin, Walter},
     TITLE = {Anal\'{y}za v re\'{a}ln\'{e}m a komplexn\'{i}m oboru},
      NOTE = {Translated from the second English edition by Ivan Netuka and
              Ji\v{r}\'{i} Vesel\'{y}},
 PUBLISHER = {Academia, Prague},
      YEAR = {1977},
     PAGES = {463},
   MRCLASS = {00A05},
  MRNUMBER = {0497401},
}
		
@article {MR0480908,
    AUTHOR = {Rudin, Walter},
     TITLE = {Restrictions on the values of derivatives},
   JOURNAL = {Amer. Math. Monthly},
  FJOURNAL = {The American Mathematical Monthly},
    VOLUME = {84},
      YEAR = {1977},
    NUMBER = {9},
     PAGES = {722--723},
      ISSN = {0002-9890},
   MRCLASS = {26A54},
  MRNUMBER = {0480908},
MRREVIEWER = {Jaroslav Smital},
       DOI = {10.2307/2321254},
       URL = {https://doi-org.colorado.idm.oclc.org/10.2307/2321254},
}
		
@article {MR0467271,
    AUTHOR = {Rudin, W.},
     TITLE = {Errata: ``{S}paces of type {$H^{\infty }+C$}'' ({A}nn.
              {I}nst. {F}ourier ({G}renoble) {\bf 25} (1975), no. 1, vi,
              99--125)},
   JOURNAL = {Ann. Inst. Fourier (Grenoble)},
  FJOURNAL = {Universit\'{e} de Grenoble. Annales de l'Institut Fourier},
    VOLUME = {27},
      YEAR = {1977},
    NUMBER = {2, loose errata.},
      ISSN = {0373-0956},
   MRCLASS = {46E15},
  MRNUMBER = {0467271},
}
		
@article {MR0444993,
    AUTHOR = {Rudin, Walter},
     TITLE = {Lumer's {H}ardy spaces},
   JOURNAL = {Michigan Math. J.},
  FJOURNAL = {The Michigan Mathematical Journal},
    VOLUME = {24},
      YEAR = {1977},
    NUMBER = {1},
     PAGES = {1--5},
      ISSN = {0026-2285},
   MRCLASS = {32A30 (46J15)},
  MRNUMBER = {0444993},
MRREVIEWER = {E. L. Stout},
       URL = {http://projecteuclid.org.colorado.idm.oclc.org/euclid.mmj/1029001813},
}
		
@article {MR0422687,
    AUTHOR = {Rudin, Walter},
     TITLE = {Pluriharmonic functions in balls},
   JOURNAL = {Proc. Amer. Math. Soc.},
  FJOURNAL = {Proceedings of the American Mathematical Society},
    VOLUME = {62},
      YEAR = {1977},
    NUMBER = {1},
     PAGES = {44--46},
      ISSN = {0002-9939},
   MRCLASS = {32F05 (31C10)},
  MRNUMBER = {0422687},
MRREVIEWER = {Manfred Stoll},
       DOI = {10.2307/2041943},
       URL = {https://doi-org.colorado.idm.oclc.org/10.2307/2041943},
}
		
@article {MR0425178,
    AUTHOR = {Nagel, Alexander and Rudin, Walter},
     TITLE = {Moebius-invariant function spaces on balls and spheres},
   JOURNAL = {Duke Math. J.},
  FJOURNAL = {Duke Mathematical Journal},
    VOLUME = {43},
      YEAR = {1976},
    NUMBER = {4},
     PAGES = {841--865},
      ISSN = {0012-7094},
   MRCLASS = {32E25 (46J15)},
  MRNUMBER = {0425178},
MRREVIEWER = {E. L. Stout},
       URL = {http://projecteuclid.org.colorado.idm.oclc.org/euclid.dmj/1077311955},
}
		
@article {MR0410355,
    AUTHOR = {Rudin, Walter},
     TITLE = {{$L^{p}$}-isometries and equimeasurability},
   JOURNAL = {Indiana Univ. Math. J.},
  FJOURNAL = {Indiana University Mathematics Journal},
    VOLUME = {25},
      YEAR = {1976},
    NUMBER = {3},
     PAGES = {215--228},
      ISSN = {0022-2518},
   MRCLASS = {46E30 (47B37)},
  MRNUMBER = {0410355},
MRREVIEWER = {D. O. Koehler},
       DOI = {10.1512/iumj.1976.25.25018},
       URL = {https://doi-org.colorado.idm.oclc.org/10.1512/iumj.1976.25.25018},
}
		
@article {MR0393538,
    AUTHOR = {Rudin, Walter},
     TITLE = {Zeros of holomorphic functions in balls},
   JOURNAL = {Nederl. Akad. Wetensch. Proc. Ser. A {\bf 79}=Indag. Math.},
    VOLUME = {38},
      YEAR = {1976},
    NUMBER = {1},
     PAGES = {57--65},
   MRCLASS = {32A30},
  MRNUMBER = {0393538},
MRREVIEWER = {Arne Stray},
}
		
@book {MR0385023,
    AUTHOR = {Rudin, Walter},
     TITLE = {Principles of mathematical analysis},
   EDITION = {Third},
      NOTE = {International Series in Pure and Applied Mathematics},
 PUBLISHER = {McGraw-Hill Book Co., New York-Auckland-D\"{u}sseldorf},
      YEAR = {1976},
     PAGES = {x+342},
   MRCLASS = {26-02},
  MRNUMBER = {0385023},
}
		
@book {MR0458106,
    AUTHOR = {Rudin, U.},
     TITLE = {{\cyr Funktsional\cprime ny\u{i}} {\cyr analiz}},
      NOTE = {Translated from the English by V. Ja. Lin,
              Edited by E. A. Gorin},
 PUBLISHER = {Izdat. ``Mir'', Moscow},
      YEAR = {1975},
     PAGES = {443},
   MRCLASS = {46-01},
  MRNUMBER = {0458106},
}
		
@book {MR0389461,
    AUTHOR = {Rudin, Walter},
     TITLE = {Analyse r\'{e}elle et complexe},
      NOTE = {Traduit de l'anglais par N. Dhombres et F. Hoffman},
 PUBLISHER = {Masson et Cie, \'{E}diteurs, Paris},
      YEAR = {1975},
     PAGES = {x+397},
   MRCLASS = {00A05 (26-01 30-01 42-01 46-01)},
  MRNUMBER = {0389461},
}
		
@article {MR0377520,
    AUTHOR = {Rudin, Walter},
     TITLE = {Spaces of type {$H^{\infty }+C$}},
   JOURNAL = {Ann. Inst. Fourier (Grenoble)},
  FJOURNAL = {Universit\'{e} de Grenoble. Annales de l'Institut Fourier},
    VOLUME = {25},
      YEAR = {1975},
    NUMBER = {1},
     PAGES = {vi, 99--125},
      ISSN = {0373-0956},
   MRCLASS = {46J15 (32A25)},
  MRNUMBER = {0377520},
MRREVIEWER = {T. W. Gamelin},
       URL = {http://www.numdam.org/item?id=AIF_1975__25_1_99_0},
}
		
@article {MR0367555,
    AUTHOR = {Rudin, Walter},
     TITLE = {Homomorphisms and translations in {$L^{\infty }(G)$}},
   JOURNAL = {Advances in Math.},
  FJOURNAL = {Advances in Mathematics},
    VOLUME = {16},
      YEAR = {1975},
     PAGES = {72--90},
      ISSN = {0001-8708},
   MRCLASS = {43A22},
  MRNUMBER = {0367555},
MRREVIEWER = {K. A. Ross},
       DOI = {10.1016/0001-8708(75)90101-2},
       URL = {https://doi-org.colorado.idm.oclc.org/10.1016/0001-8708(75)90101-2},
}
		
@article {MR0361612,
    AUTHOR = {Rudin, Walter},
     TITLE = {A failure of the associative law},
   JOURNAL = {Delta (Waukesha)},
    VOLUME = {5},
      YEAR = {1975},
     PAGES = {28--31},
   MRCLASS = {42A96},
  MRNUMBER = {0361612},
MRREVIEWER = {C. Fox},
}
		
@article {MR0463898,
    AUTHOR = {Nagel, Alexander and Rudin, Walter},
     TITLE = {Riesz decompositions},
   JOURNAL = {Canad. J. Math.},
  FJOURNAL = {Canadian Journal of Mathematics. Journal Canadien de
              Math\'{e}matiques},
    VOLUME = {26},
      YEAR = {1974},
     PAGES = {753--760},
      ISSN = {0008-414X},
   MRCLASS = {46E05},
  MRNUMBER = {0463898},
MRREVIEWER = {R. S. Booth},
       DOI = {10.4153/CJM-1974-070-6},
       URL = {https://doi-org.colorado.idm.oclc.org/10.4153/CJM-1974-070-6},
}
		
@article {MR0357866,
    AUTHOR = {Forelli, Frank and Rudin, Walter},
     TITLE = {Projections on spaces of holomorphic functions in balls},
   JOURNAL = {Indiana Univ. Math. J.},
  FJOURNAL = {Indiana University Mathematics Journal},
    VOLUME = {24},
      YEAR = {1974/75},
     PAGES = {593--602},
      ISSN = {0022-2518},
   MRCLASS = {32H10 (32A10 46E15)},
  MRNUMBER = {0357866},
MRREVIEWER = {A. Koranyi},
       DOI = {10.1512/iumj.1974.24.24044},
       URL = {https://doi-org.colorado.idm.oclc.org/10.1512/iumj.1974.24.24044},
}
		
@book {MR0357830,
    AUTHOR = {Rudin, U. and Rudin, U.},
     TITLE = {{\cyr Teoriya funktsi\u{i}} {\cyr v polikruge}},
      NOTE = {Translated from the English by V. \`E. Kacnel\cprime son and I. E.
              Ov\v{c}arenko,
              Edited by I. V. Ostrovski\u{\i}},
 PUBLISHER = {Izdat. ``Mir'', Moscow},
      YEAR = {1974},
     PAGES = {160},
   MRCLASS = {32AXX},
  MRNUMBER = {0357830},
}
		
@book {MR0344043,
    AUTHOR = {Rudin, Walter},
     TITLE = {Real and complex analysis},
   EDITION = {Second},
      NOTE = {McGraw-Hill Series in Higher Mathematics},
 PUBLISHER = {McGraw-Hill Book Co., New York-D\"{u}sseldorf-Johannesburg},
      YEAR = {1974},
     PAGES = {xii+452},
   MRCLASS = {00A05 (26-01 30-01 42-01 46-01)},
  MRNUMBER = {0344043},
}
		
@article {MR0387637,
    AUTHOR = {Rudin, W.},
     TITLE = {Factorisation des fonctions holomorphes born\'{e}es},
 BOOKTITLE = {L'analyse harmonique dans le domaine complexe ({A}ctes {T}able
              {R}onde {I}nternat., {C}entre {N}at. {R}echerche {S}ci.,
              {M}ontpellier, 1972)},
     PAGES = {168--169. Lecture Notes in Math., Vol. 336},
 PUBLISHER = {Springer, Berlin},
      YEAR = {1973},
   MRCLASS = {32A10},
  MRNUMBER = {0387637},
}
		
@book {MR0365062,
    AUTHOR = {Rudin, Walter},
     TITLE = {Functional analysis},
      NOTE = {McGraw-Hill Series in Higher Mathematics},
 PUBLISHER = {McGraw-Hill Book Co., New York-D\"{u}sseldorf-Johannesburg},
      YEAR = {1973},
     PAGES = {xiii+397},
   MRCLASS = {46-01},
  MRNUMBER = {0365062},
MRREVIEWER = {F. Smithies},
}
		
@article {MR0358919,
    AUTHOR = {Rudin, Walter},
     TITLE = {Limits of ratios of tails of measures},
   JOURNAL = {Ann. Probability},
    VOLUME = {1},
      YEAR = {1973},
     PAGES = {982--994},
   MRCLASS = {60E05},
  MRNUMBER = {0358919},
MRREVIEWER = {Jozef L. Teugels},
       DOI = {10.1214/aop/1176996805},
       URL = {https://doi-org.colorado.idm.oclc.org/10.1214/aop/1176996805},
}
		
@article {MR0328758,
    AUTHOR = {Rudin, Walter},
     TITLE = {A generalization of a theorem of {A}rchimedes},
   JOURNAL = {Amer. Math. Monthly},
  FJOURNAL = {The American Mathematical Monthly},
    VOLUME = {80},
      YEAR = {1973},
     PAGES = {794--796},
      ISSN = {0002-9890},
   MRCLASS = {50B10},
  MRNUMBER = {0328758},
MRREVIEWER = {W. P. Ziemer},
       DOI = {10.2307/2318169},
       URL = {https://doi-org.colorado.idm.oclc.org/10.2307/2318169},
}
		
@article {MR0315324,
    AUTHOR = {Rudin, Walter},
     TITLE = {A very slowly convergent sequence of continuous functions},
   JOURNAL = {Proc. Amer. Math. Soc.},
  FJOURNAL = {Proceedings of the American Mathematical Society},
    VOLUME = {39},
      YEAR = {1973},
     PAGES = {647--648},
      ISSN = {0002-9939},
   MRCLASS = {40A05},
  MRNUMBER = {0315324},
       DOI = {10.2307/2039613},
       URL = {https://doi-org.colorado.idm.oclc.org/10.2307/2039613},
}
		
@article {MR0315134,
    AUTHOR = {Rudin, Walter},
     TITLE = {The segmental variation of holomorphic functions},
   JOURNAL = {Michigan Math. J.},
  FJOURNAL = {The Michigan Mathematical Journal},
    VOLUME = {20},
      YEAR = {1973},
     PAGES = {97--99},
      ISSN = {0026-2285},
   MRCLASS = {30A72 (30A78 30A98)},
  MRNUMBER = {0315134},
MRREVIEWER = {C. L. Belna},
       URL = {http://projecteuclid.org.colorado.idm.oclc.org/euclid.mmj/1029001055},
}
		
@article {MR0310276,
    AUTHOR = {Ahern, P. R. and Rudin, Walter},
     TITLE = {Factorizations of bounded holomorphic functions},
   JOURNAL = {Duke Math. J.},
  FJOURNAL = {Duke Mathematical Journal},
    VOLUME = {39},
      YEAR = {1972},
     PAGES = {767--777},
      ISSN = {0012-7094},
   MRCLASS = {32A30},
  MRNUMBER = {0310276},
MRREVIEWER = {J. A. Cima},
       URL = {http://projecteuclid.org.colorado.idm.oclc.org/euclid.dmj/1077380583},
}
		
@article {MR0304975,
    AUTHOR = {Rudin, Walter},
     TITLE = {Invariant means on {$L^{\infty }$}},
      NOTE = {Collection of articles honoring the completion by Antoni
              Zygmund of 50 years of scientific activity, III},
   JOURNAL = {Studia Math.},
  FJOURNAL = {Polska Akademia Nauk. Instytut Matematyczny. Studia
              Mathematica},
    VOLUME = {44},
      YEAR = {1972},
     PAGES = {219--227},
      ISSN = {0039-3223},
   MRCLASS = {43A07},
  MRNUMBER = {0304975},
MRREVIEWER = {P. Milnes},
       DOI = {10.4064/sm-44-3-219-227},
       URL = {https://doi-org.colorado.idm.oclc.org/10.4064/sm-44-3-219-227},
}

@article {MR0422657,
    AUTHOR = {Rudin, Walter},
     TITLE = {Harmonic analysis in polydiscs},
 BOOKTITLE = {Actes du {C}ongr\`es {I}nternational des {M}ath\'{e}maticiens
              ({N}ice, 1970), {T}ome 2},
     PAGES = {489--493},
 PUBLISHER = {Gauthier-Villars, Paris},
      YEAR = {1971},
   MRCLASS = {32A10 (46J15 43A75)},
  MRNUMBER = {0422657},
MRREVIEWER = {E. L. Stout},
}
		
@book {MR0310288,
    AUTHOR = {Rudin, Walter},
     TITLE = {Lectures on the edge-of-the-wedge theorem},
      NOTE = {Conference Board of the Mathematical Sciences Regional
              Conference Series in Mathematics, No. 6},
 PUBLISHER = {American Mathematical Society, Providence, R.I.},
      YEAR = {1971},
     PAGES = {v+30},
   MRCLASS = {32D15 (46F10 81.32)},
  MRNUMBER = {0310288},
MRREVIEWER = {F. T. Birtel},
}
		
@article {MR0254514,
    AUTHOR = {Rudin, Walter},
     TITLE = {An extension theorem for positive-definite functions},
   JOURNAL = {Duke Math. J.},
  FJOURNAL = {Duke Mathematical Journal},
    VOLUME = {37},
      YEAR = {1970},
     PAGES = {49--53},
      ISSN = {0012-7094},
   MRCLASS = {42.35},
  MRNUMBER = {0254514},
MRREVIEWER = {J. W. Neuberger},
       URL = {http://projecteuclid.org.colorado.idm.oclc.org/euclid.dmj/1077378792},
}
		
@book {MR0255841,
    AUTHOR = {Rudin, Walter},
     TITLE = {Function theory in polydiscs},
 PUBLISHER = {W. A. Benjamin, Inc., New York-Amsterdam},
      YEAR = {1969},
     PAGES = {vii+188},
   MRCLASS = {32.00},
  MRNUMBER = {0255841},
MRREVIEWER = {W. Stoll},
}
		
@article {MR0254606,
    AUTHOR = {Douglas, R. G. and Rudin, Walter},
     TITLE = {Approximation by inner functions},
   JOURNAL = {Pacific J. Math.},
  FJOURNAL = {Pacific Journal of Mathematics},
    VOLUME = {31},
      YEAR = {1969},
     PAGES = {313--320},
      ISSN = {0030-8730},
   MRCLASS = {46.55 (30.00)},
  MRNUMBER = {0254606},
MRREVIEWER = {F. T. Birtel},
       URL = {http://projecteuclid.org.colorado.idm.oclc.org/euclid.pjm/1102977867},
}
		
@article {MR0241902,
    AUTHOR = {Rudin, Walter},
     TITLE = {Convex combinations of unimodular functions},
   JOURNAL = {Bull. Amer. Math. Soc.},
  FJOURNAL = {Bulletin of the American Mathematical Society},
    VOLUME = {75},
      YEAR = {1969},
     PAGES = {795--797},
      ISSN = {0002-9904},
   MRCLASS = {42.50},
  MRNUMBER = {0241902},
MRREVIEWER = {S. Fisher},
       DOI = {10.1090/S0002-9904-1969-12295-0},
       URL = {https://doi-org.colorado.idm.oclc.org/10.1090/S0002-9904-1969-12295-0},
}
		
@article {MR0241695,
    AUTHOR = {Rudin, Walter and Stout, E. L.},
     TITLE = {Modules over polydisc algebras},
   JOURNAL = {Trans. Amer. Math. Soc.},
  FJOURNAL = {Transactions of the American Mathematical Society},
    VOLUME = {138},
      YEAR = {1969},
     PAGES = {327--342},
      ISSN = {0002-9947},
   MRCLASS = {32.49},
  MRNUMBER = {0241695},
MRREVIEWER = {N. Kuhlmann},
       DOI = {10.2307/1994918},
       URL = {https://doi-org.colorado.idm.oclc.org/10.2307/1994918},
}
		
@article {MR0241629,
    AUTHOR = {Rudin, Walter},
     TITLE = {Pairs of inner functions on finite {R}iemann surfaces},
   JOURNAL = {Trans. Amer. Math. Soc.},
  FJOURNAL = {Transactions of the American Mathematical Society},
    VOLUME = {140},
      YEAR = {1969},
     PAGES = {423--434},
      ISSN = {0002-9947},
   MRCLASS = {30.45},
  MRNUMBER = {0241629},
MRREVIEWER = {G. Springer},
       DOI = {10.2307/1995147},
       URL = {https://doi-org.colorado.idm.oclc.org/10.2307/1995147},
}
		
@article {MR0240556,
    AUTHOR = {Rudin, Walter},
     TITLE = {Modifications of {F}ourier transforms},
   JOURNAL = {Proc. Amer. Math. Soc.},
  FJOURNAL = {Proceedings of the American Mathematical Society},
    VOLUME = {19},
      YEAR = {1968},
     PAGES = {1069--1074},
      ISSN = {0002-9939},
   MRCLASS = {42.51},
  MRNUMBER = {0240556},
MRREVIEWER = {K. Phillips},
       DOI = {10.2307/2036027},
       URL = {https://doi-org.colorado.idm.oclc.org/10.2307/2036027},
}
		
@article {MR0234209,
    AUTHOR = {Rudin, Walter},
     TITLE = {Modification sets of density zero},
   JOURNAL = {Bull. Amer. Math. Soc.},
  FJOURNAL = {Bulletin of the American Mathematical Society},
    VOLUME = {74},
      YEAR = {1968},
     PAGES = {526--528},
      ISSN = {0002-9904},
   MRCLASS = {42.25},
  MRNUMBER = {0234209},
MRREVIEWER = {K. Chandrasekharan},
       DOI = {10.1090/S0002-9904-1968-11992-5},
       URL = {https://doi-org.colorado.idm.oclc.org/10.1090/S0002-9904-1968-11992-5},
}
		
@article {MR0226391,
    AUTHOR = {Rudin, Walter},
     TITLE = {Proof of a conjecture of {H}elson},
   JOURNAL = {Bull. Amer. Math. Soc.},
  FJOURNAL = {Bulletin of the American Mathematical Society},
    VOLUME = {74},
      YEAR = {1968},
     PAGES = {727--729},
      ISSN = {0002-9904},
   MRCLASS = {46.30 (30.00)},
  MRNUMBER = {0226391},
MRREVIEWER = {R. B. Burckel},
       DOI = {10.1090/S0002-9904-1968-12015-4},
       URL = {https://doi-org.colorado.idm.oclc.org/10.1090/S0002-9904-1968-12015-4},
}
		
@article {MR0235151,
    AUTHOR = {Rudin, Walter},
     TITLE = {A generalization of a theorem of {F}rostman},
   JOURNAL = {Math. Scand},
  FJOURNAL = {Mathematica Scandinavica},
    VOLUME = {21},
      YEAR = {1967},
     PAGES = {136--143 (1968)},
      ISSN = {0025-5521},
   MRCLASS = {32.02},
  MRNUMBER = {0235151},
MRREVIEWER = {S. Fisher},
       DOI = {10.7146/math.scand.a-10853},
       URL = {https://doi-org.colorado.idm.oclc.org/10.7146/math.scand.a-10853},
}
		
@article {MR0221291,
    AUTHOR = {Lamperti, John and Rudin, Walter},
     TITLE = {Annihilators of some function algebras},
   JOURNAL = {Amer. Math. Monthly},
  FJOURNAL = {The American Mathematical Monthly},
    VOLUME = {74},
      YEAR = {1967},
     PAGES = {1204--1208},
      ISSN = {0002-9890},
   MRCLASS = {46.55},
  MRNUMBER = {0221291},
MRREVIEWER = {R. B. Burckel},
       DOI = {10.2307/2315662},
       URL = {https://doi-org.colorado.idm.oclc.org/10.2307/2315662},
}
		
@article {MR0219750,
    AUTHOR = {Rudin, Walter},
     TITLE = {A geometric criterion for algebraic varieties},
   JOURNAL = {J. Math. Mech.},
    VOLUME = {17},
      YEAR = {1967/1968},
     PAGES = {671--683},
   MRCLASS = {32.44},
  MRNUMBER = {0219750},
MRREVIEWER = {R. O. Wells, Jr.},
}
		
@article {MR0210934,
    AUTHOR = {Rudin, Walter},
     TITLE = {Zero-sets in polydiscs},
   JOURNAL = {Bull. Amer. Math. Soc.},
  FJOURNAL = {Bulletin of the American Mathematical Society},
    VOLUME = {73},
      YEAR = {1967},
     PAGES = {580--583},
      ISSN = {0002-9904},
   MRCLASS = {32.10 (32.20)},
  MRNUMBER = {0210934},
MRREVIEWER = {R. O. Wells, Jr.},
       DOI = {10.1090/S0002-9904-1967-11758-0},
       URL = {https://doi-org.colorado.idm.oclc.org/10.1090/S0002-9904-1967-11758-0},
}
		
@article {MR0209516,
    AUTHOR = {Rudin, Walter},
     TITLE = {Inner functions in polydiscs},
   JOURNAL = {Bull. Amer. Math. Soc.},
  FJOURNAL = {Bulletin of the American Mathematical Society},
    VOLUME = {73},
      YEAR = {1967},
     PAGES = {369--372},
      ISSN = {0002-9904},
   MRCLASS = {32.10},
  MRNUMBER = {0209516},
MRREVIEWER = {W. Stoll},
       DOI = {10.1090/S0002-9904-1967-11755-5},
       URL = {https://doi-org.colorado.idm.oclc.org/10.1090/S0002-9904-1967-11755-5},
}
		
@book {MR0210528,
    AUTHOR = {Rudin, Walter},
     TITLE = {Real and complex analysis},
 PUBLISHER = {McGraw-Hill Book Co., New York-Toronto, Ont.-London},
      YEAR = {1966},
     PAGES = {xi+412},
   MRCLASS = {00.00},
  MRNUMBER = {0210528},
MRREVIEWER = {R. E. Edwards},
}
		
@article {MR0197771,
    AUTHOR = {Rudin, Walter},
     TITLE = {Zeros and factorizations of holomorphic functions},
   JOURNAL = {Bull. Amer. Math. Soc.},
  FJOURNAL = {Bulletin of the American Mathematical Society},
    VOLUME = {72},
      YEAR = {1966},
     PAGES = {1064--1067},
      ISSN = {0002-9904},
   MRCLASS = {32.10},
  MRNUMBER = {0197771},
MRREVIEWER = {P. L. Duren},
       DOI = {10.1090/S0002-9904-1966-11647-6},
       URL = {https://doi-org.colorado.idm.oclc.org/10.1090/S0002-9904-1966-11647-6},
}
		
@article {MR0190636,
    AUTHOR = {Rudin, Walter},
     TITLE = {Ideals with small automorphisms},
   JOURNAL = {Bull. Amer. Math. Soc.},
  FJOURNAL = {Bulletin of the American Mathematical Society},
    VOLUME = {72},
      YEAR = {1966},
     PAGES = {339--341},
      ISSN = {0002-9904},
   MRCLASS = {42.58 (42.56)},
  MRNUMBER = {0190636},
MRREVIEWER = {J. Wermer},
       DOI = {10.1090/S0002-9904-1966-11523-9},
       URL = {https://doi-org.colorado.idm.oclc.org/10.1090/S0002-9904-1966-11523-9},
}
		
@article {MR0188662,
    AUTHOR = {Rudin, Walter},
     TITLE = {A converse to the high indices theorem},
   JOURNAL = {Proc. Amer. Math. Soc.},
  FJOURNAL = {Proceedings of the American Mathematical Society},
    VOLUME = {17},
      YEAR = {1966},
     PAGES = {434--435},
      ISSN = {0002-9939},
   MRCLASS = {40.13},
  MRNUMBER = {0188662},
MRREVIEWER = {A. Meir},
       DOI = {10.2307/2035183},
       URL = {https://doi-org.colorado.idm.oclc.org/10.2307/2035183},
}
		
@article {MR0182748,
    AUTHOR = {Rudin, Walter and Stout, E. L.},
     TITLE = {Bounday properties of functions of several complex variables},
   JOURNAL = {J. Math. Mech.},
    VOLUME = {14},
      YEAR = {1965},
     PAGES = {991--1005},
   MRCLASS = {32.70},
  MRNUMBER = {0182748},
MRREVIEWER = {W. Stoll},
}
		
@article {MR0167853,
    AUTHOR = {Rudin, Walter and Schneider, Hans},
     TITLE = {Idempotents in group rings},
   JOURNAL = {Duke Math. J.},
  FJOURNAL = {Duke Mathematical Journal},
    VOLUME = {31},
      YEAR = {1964},
     PAGES = {585--602},
      ISSN = {0012-7094},
   MRCLASS = {46.80 (42.56)},
  MRNUMBER = {0167853},
MRREVIEWER = {I. G. Amemiya},
       URL = {http://projecteuclid.org.colorado.idm.oclc.org/euclid.dmj/1077375499},
}
		
@book {MR0166310,
    AUTHOR = {Rudin, Walter},
     TITLE = {Principles of mathematical analysis},
    SERIES = {Second edition},
 PUBLISHER = {McGraw-Hill Book Co., New York},
      YEAR = {1964},
     PAGES = {ix+270},
   MRCLASS = {26.00},
  MRNUMBER = {0166310},
MRREVIEWER = {I. Glicksberg},
}
		
@article {MR0159951,
    AUTHOR = {Rudin, Walter},
     TITLE = {Essential boundary points},
   JOURNAL = {Bull. Amer. Math. Soc.},
  FJOURNAL = {Bulletin of the American Mathematical Society},
    VOLUME = {70},
      YEAR = {1964},
     PAGES = {321--324},
      ISSN = {0002-9904},
   MRCLASS = {30.87},
  MRNUMBER = {0159951},
MRREVIEWER = {Max Weiss},
       DOI = {10.1090/S0002-9904-1964-11139-3},
       URL = {https://doi-org.colorado.idm.oclc.org/10.1090/S0002-9904-1964-11139-3},
}
		
@article {MR0159918,
    AUTHOR = {Rudin, Walter},
     TITLE = {An arithmetic property of {R}iemann sums},
   JOURNAL = {Proc. Amer. Math. Soc.},
  FJOURNAL = {Proceedings of the American Mathematical Society},
    VOLUME = {15},
      YEAR = {1964},
     PAGES = {321--324},
      ISSN = {0002-9939},
   MRCLASS = {26.46 (28.00)},
  MRNUMBER = {0159918},
MRREVIEWER = {A. Mallios},
       DOI = {10.2307/2034063},
       URL = {https://doi-org.colorado.idm.oclc.org/10.2307/2034063},
}
		
@article {MR0151796,
    AUTHOR = {Rudin, Walter},
     TITLE = {The extension problem for positive-definite functions},
   JOURNAL = {Illinois J. Math.},
  FJOURNAL = {Illinois Journal of Mathematics},
    VOLUME = {7},
      YEAR = {1963},
     PAGES = {532--539},
      ISSN = {0019-2082},
   MRCLASS = {42.54 (42.35)},
  MRNUMBER = {0151796},
MRREVIEWER = {J. Chover},
       URL = {http://projecteuclid.org.colorado.idm.oclc.org/euclid.ijm/1255644960},
}
		
@article {MR0145365,
    AUTHOR = {Rudin, Walter},
     TITLE = {Idempotents in group algebras},
   JOURNAL = {Bull. Amer. Math. Soc.},
  FJOURNAL = {Bulletin of the American Mathematical Society},
    VOLUME = {69},
      YEAR = {1963},
     PAGES = {224--227},
      ISSN = {0002-9904},
   MRCLASS = {46.80 (42.56)},
  MRNUMBER = {0145365},
MRREVIEWER = {M. Fukamiya},
       DOI = {10.1090/S0002-9904-1963-10926-X},
       URL = {https://doi-org.colorado.idm.oclc.org/10.1090/S0002-9904-1963-10926-X},
}
		
@article {MR0153796,
    AUTHOR = {Rudin, Walter},
     TITLE = {Division in algebras of infinitely differentiable functions},
   JOURNAL = {J. Math. Mech.},
    VOLUME = {11},
      YEAR = {1962},
     PAGES = {797--809},
   MRCLASS = {26.80 (46.55)},
  MRNUMBER = {0153796},
MRREVIEWER = {S. Mandelbrojt},
}
		
@book {MR0152834,
    AUTHOR = {Rudin, Walter},
     TITLE = {Fourier analysis on groups},
    SERIES = {Interscience Tracts in Pure and Applied Mathematics, No. 12},
 PUBLISHER = {Interscience Publishers (a division of John Wiley and Sons),
              New York-London},
      YEAR = {1962},
     PAGES = {ix+285},
   MRCLASS = {42.50 (22.65)},
  MRNUMBER = {0152834},
MRREVIEWER = {Edwin Hewitt},
}
		
@article {MR0146650,
    AUTHOR = {Jerison, Meyer and Rudin, Walter},
     TITLE = {Translation-invariant functionals},
   JOURNAL = {Proc. Amer. Math. Soc.},
  FJOURNAL = {Proceedings of the American Mathematical Society},
    VOLUME = {13},
      YEAR = {1962},
     PAGES = {417--423},
      ISSN = {0002-9939},
   MRCLASS = {46.55},
  MRNUMBER = {0146650},
MRREVIEWER = {R. E. Fullerton},
       DOI = {10.2307/2034949},
       URL = {https://doi-org.colorado.idm.oclc.org/10.2307/2034949},
}
		
@article {MR0142984,
    AUTHOR = {Rudin, Walter},
     TITLE = {A strong converse of the {W}iener-{L}evy theorem},
   JOURNAL = {Canad. J. Math.},
  FJOURNAL = {Canadian Journal of Mathematics. Journal Canadien de
              Math\'{e}matiques},
    VOLUME = {14},
      YEAR = {1962},
     PAGES = {694--701},
      ISSN = {0008-414X},
   MRCLASS = {42.50},
  MRNUMBER = {0142984},
MRREVIEWER = {F. I. Mautner},
       DOI = {10.4153/CJM-1962-059-3},
       URL = {https://doi-org.colorado.idm.oclc.org/10.4153/CJM-1962-059-3},
}
		
@article {MR0138012,
    AUTHOR = {Rudin, Walter},
     TITLE = {Projections on invariant subspaces},
   JOURNAL = {Proc. Amer. Math. Soc.},
  FJOURNAL = {Proceedings of the American Mathematical Society},
    VOLUME = {13},
      YEAR = {1962},
     PAGES = {429--432},
      ISSN = {0002-9939},
   MRCLASS = {47.10},
  MRNUMBER = {0138012},
MRREVIEWER = {K. H. Hofmann},
       DOI = {10.2307/2034952},
       URL = {https://doi-org.colorado.idm.oclc.org/10.2307/2034952},
}
		
@article {MR0141769,
    AUTHOR = {Rudin, Walter},
     TITLE = {Permutations of {T}aylor coefficients of bounded functions},
   JOURNAL = {Duke Math. J.},
  FJOURNAL = {Duke Mathematical Journal},
    VOLUME = {28},
      YEAR = {1961},
     PAGES = {537--543},
      ISSN = {0012-7094},
   MRCLASS = {30.20 (30.65)},
  MRNUMBER = {0141769},
MRREVIEWER = {L. Gillman},
       URL = {http://projecteuclid.org.colorado.idm.oclc.org/euclid.dmj/1077469833},
}
		
@article {MR0126738,
    AUTHOR = {Katznelson, Yitzhak and Rudin, Walter},
     TITLE = {The {S}tone-{W}eierstrass property in {B}anach algebras},
   JOURNAL = {Pacific J. Math.},
  FJOURNAL = {Pacific Journal of Mathematics},
    VOLUME = {11},
      YEAR = {1961},
     PAGES = {253--265},
      ISSN = {0030-8730},
   MRCLASS = {46.55},
  MRNUMBER = {0126738},
MRREVIEWER = {J.-P. Kahane},
       URL = {http://projecteuclid.org.colorado.idm.oclc.org/euclid.pjm/1103037550},
}
		
@article {MR0124717,
    AUTHOR = {Rudin, W. and Smith, K. T.},
     TITLE = {Linearity of best approximation: a characterization of
              ellipsoids},
   JOURNAL = {Nederl. Akad. Wetensch. Proc. Ser. A 64 = Indag. Math.},
    VOLUME = {23},
      YEAR = {1961},
     PAGES = {97--103},
   MRCLASS = {46.10},
  MRNUMBER = {0124717},
MRREVIEWER = {Victor Klee},
}
		
@article {MR0121646,
    AUTHOR = {de Leeuw, Karel and Rudin, Walter and Wermer, John},
     TITLE = {The isometries of some function spaces},
   JOURNAL = {Proc. Amer. Math. Soc.},
  FJOURNAL = {Proceedings of the American Mathematical Society},
    VOLUME = {11},
      YEAR = {1960},
     PAGES = {694--698},
      ISSN = {0002-9939},
   MRCLASS = {46.00},
  MRNUMBER = {0121646},
MRREVIEWER = {H. Mirkil},
       DOI = {10.2307/2034545},
       URL = {https://doi-org.colorado.idm.oclc.org/10.2307/2034545},
}
		
@article {MR0119035,
    AUTHOR = {Rudin, Walter},
     TITLE = {Fourier-{S}tieltjes transforms of measures on independent
              sets},
   JOURNAL = {Bull. Amer. Math. Soc.},
  FJOURNAL = {Bulletin of the American Mathematical Society},
    VOLUME = {66},
      YEAR = {1960},
     PAGES = {199--202},
      ISSN = {0002-9904},
   MRCLASS = {42.00},
  MRNUMBER = {0119035},
MRREVIEWER = {E. Hewitt},
       DOI = {10.1090/S0002-9904-1960-10433-8},
       URL = {https://doi-org.colorado.idm.oclc.org/10.1090/S0002-9904-1960-10433-8},
}
		
@article {MR0116177,
    AUTHOR = {Rudin, Walter},
     TITLE = {Trigonometric series with gaps},
   JOURNAL = {J. Math. Mech.},
    VOLUME = {9},
      YEAR = {1960},
     PAGES = {203--227},
   MRCLASS = {42.00},
  MRNUMBER = {0116177},
MRREVIEWER = {M. Tomi\'{c}},
       DOI = {10.1512/iumj.1960.9.59013},
       URL = {https://doi-org.colorado.idm.oclc.org/10.1512/iumj.1960.9.59013},
}
		
@article {MR0114095,
    AUTHOR = {Rudin, Walter},
     TITLE = {Closed ideals in group algebras},
   JOURNAL = {Bull. Amer. Math. Soc.},
  FJOURNAL = {Bulletin of the American Mathematical Society},
    VOLUME = {66},
      YEAR = {1960},
     PAGES = {81--83},
      ISSN = {0002-9904},
   MRCLASS = {42.00},
  MRNUMBER = {0114095},
MRREVIEWER = {J.-P. Kahane},
       DOI = {10.1090/S0002-9904-1960-10405-3},
       URL = {https://doi-org.colorado.idm.oclc.org/10.1090/S0002-9904-1960-10405-3},
}
		
@article {MR0116185,
    AUTHOR = {Helson, Henry and Kahane, Jean-Pierre and Katznelson, Yitzhak
              and Rudin, Walter},
     TITLE = {The functions which operate on {F}ourier transforms},
   JOURNAL = {Acta Math.},
  FJOURNAL = {Acta Mathematica},
    VOLUME = {102},
      YEAR = {1959},
     PAGES = {135--157},
      ISSN = {0001-5962},
   MRCLASS = {42.00 (28.00)},
  MRNUMBER = {0116185},
MRREVIEWER = {S. Mandelbrojt},
       DOI = {10.1007/BF02559571},
       URL = {https://doi-org.colorado.idm.oclc.org/10.1007/BF02559571},
}
		
@article {MR0116184,
    AUTHOR = {Rudin, Walter},
     TITLE = {Some theorems on {F}ourier coefficients},
   JOURNAL = {Proc. Amer. Math. Soc.},
  FJOURNAL = {Proceedings of the American Mathematical Society},
    VOLUME = {10},
      YEAR = {1959},
     PAGES = {855--859},
      ISSN = {0002-9939},
   MRCLASS = {42.00},
  MRNUMBER = {0116184},
MRREVIEWER = {J.-P. Kahane},
       DOI = {10.2307/2033608},
       URL = {https://doi-org.colorado.idm.oclc.org/10.2307/2033608},
}
		
@article {MR0109204,
    AUTHOR = {Rudin, Walter},
     TITLE = {Positive definite sequences and absolutely monotonic
              functions},
   JOURNAL = {Duke Math. J},
  FJOURNAL = {Duke Mathematical Journal},
    VOLUME = {26},
      YEAR = {1959},
     PAGES = {617--622},
      ISSN = {0012-7094},
   MRCLASS = {26.00 (42.00)},
  MRNUMBER = {0109204},
MRREVIEWER = {S. Bochner},
       URL = {http://projecteuclid.org.colorado.idm.oclc.org/euclid.dmj/1077468771},
}
		
@article {MR0108689,
    AUTHOR = {Rudin, Walter},
     TITLE = {Measure algebras on abelian groups},
   JOURNAL = {Bull. Amer. Math. Soc.},
  FJOURNAL = {Bulletin of the American Mathematical Society},
    VOLUME = {65},
      YEAR = {1959},
     PAGES = {227--247},
      ISSN = {0002-9904},
   MRCLASS = {42.00},
  MRNUMBER = {0108689},
MRREVIEWER = {S. Mandelbrojt},
       DOI = {10.1090/S0002-9904-1959-10322-0},
       URL = {https://doi-org.colorado.idm.oclc.org/10.1090/S0002-9904-1959-10322-0},
}
		
@article {MR0105593,
    AUTHOR = {Rudin, Walter},
     TITLE = {Idempotent measures on {A}belian groups},
   JOURNAL = {Pacific J. Math.},
  FJOURNAL = {Pacific Journal of Mathematics},
    VOLUME = {9},
      YEAR = {1959},
     PAGES = {195--209},
      ISSN = {0030-8730},
   MRCLASS = {42.00},
  MRNUMBER = {0105593},
MRREVIEWER = {H. Umegaki},
       URL = {http://projecteuclid.org.colorado.idm.oclc.org/euclid.pjm/1103039465},
}
		
@article {MR0102705,
    AUTHOR = {Rudin, Walter},
     TITLE = {Weak almost periodic functions and {F}ourier-{S}tieltjes
              transforms},
   JOURNAL = {Duke Math. J.},
  FJOURNAL = {Duke Mathematical Journal},
    VOLUME = {26},
      YEAR = {1959},
     PAGES = {215--220},
      ISSN = {0012-7094},
   MRCLASS = {42.00},
  MRNUMBER = {0102705},
MRREVIEWER = {H. Umegaki},
       URL = {http://projecteuclid.org.colorado.idm.oclc.org/euclid.dmj/1077468476},
}
		
@article {MR0106260,
    AUTHOR = {Rudin, Walter},
     TITLE = {Independent perfect sets in groups},
   JOURNAL = {Michigan Math. J.},
  FJOURNAL = {The Michigan Mathematical Journal},
    VOLUME = {5},
      YEAR = {1958},
     PAGES = {159--161},
      ISSN = {0026-2285},
   MRCLASS = {22.00},
  MRNUMBER = {0106260},
MRREVIEWER = {J. P. Kahane},
       URL = {http://projecteuclid.org.colorado.idm.oclc.org/euclid.mmj/1028998060},
}
		
@article {MR0104981,
    AUTHOR = {Rudin, Walter},
     TITLE = {Representation of functions by convolutions},
   JOURNAL = {J. Math. Mech.},
    VOLUME = {7},
      YEAR = {1958},
     PAGES = {103--115},
   MRCLASS = {42.00 (44.00)},
  MRNUMBER = {0104981},
MRREVIEWER = {I. I. Hirschman},
       DOI = {10.1512/iumj.1958.7.57009},
       URL = {https://doi-org.colorado.idm.oclc.org/10.1512/iumj.1958.7.57009},
}
		
@article {MR0102701,
    AUTHOR = {Kahane, Jean-Pierre and Rudin, Walter},
     TITLE = {Caract\'{e}risation des fonctions qui op\`erent sur les coefficients
              de {F}ourier-{S}tieltjes},
   JOURNAL = {C. R. Acad. Sci. Paris},
    VOLUME = {247},
      YEAR = {1958},
     PAGES = {773--775},
   MRCLASS = {42.00},
  MRNUMBER = {0102701},
MRREVIEWER = {S. Mandelbrojt},
}
		
@article {MR0098981,
    AUTHOR = {de Leeuw, Karel and Rudin, Walter},
     TITLE = {Extreme points and extremum problems in {$H_{1}$}},
   JOURNAL = {Pacific J. Math.},
  FJOURNAL = {Pacific Journal of Mathematics},
    VOLUME = {8},
      YEAR = {1958},
     PAGES = {467--485},
      ISSN = {0030-8730},
   MRCLASS = {46.00 (30.00)},
  MRNUMBER = {0098981},
MRREVIEWER = {E. Hewitt},
       URL = {http://projecteuclid.org.colorado.idm.oclc.org/euclid.pjm/1103039893},
}
		
@article {MR0098313,
    AUTHOR = {Rudin, Walter},
     TITLE = {Averages of continuous functions on compact spaces},
   JOURNAL = {Duke Math. J.},
  FJOURNAL = {Duke Mathematical Journal},
    VOLUME = {25},
      YEAR = {1958},
     PAGES = {197--204},
      ISSN = {0012-7094},
   MRCLASS = {46.00 (22.00)},
  MRNUMBER = {0098313},
MRREVIEWER = {M. Jerison},
       URL = {http://projecteuclid.org.colorado.idm.oclc.org/euclid.dmj/1077467916},
}
		
@article {MR0096981,
    AUTHOR = {Rudin, Walter},
     TITLE = {On isomorphisms of group algebras},
   JOURNAL = {Bull. Amer. Math. Soc.},
  FJOURNAL = {Bulletin of the American Mathematical Society},
    VOLUME = {64},
      YEAR = {1958},
     PAGES = {167--169},
      ISSN = {0002-9904},
   MRCLASS = {46.00 (22.05)},
  MRNUMBER = {0096981},
MRREVIEWER = {G. L. Walker},
       DOI = {10.1090/S0002-9904-1958-10195-0},
       URL = {https://doi-org.colorado.idm.oclc.org/10.1090/S0002-9904-1958-10195-0},
}
		
@article {MR0096968,
    AUTHOR = {Rudin, Walter},
     TITLE = {On the structure of maximum modulus algebras},
   JOURNAL = {Proc. Amer. Math. Soc.},
  FJOURNAL = {Proceedings of the American Mathematical Society},
    VOLUME = {9},
      YEAR = {1958},
     PAGES = {708--712},
      ISSN = {0002-9939},
   MRCLASS = {46.00},
  MRNUMBER = {0096968},
MRREVIEWER = {J. Wermer},
       DOI = {10.2307/2033072},
       URL = {https://doi-org.colorado.idm.oclc.org/10.2307/2033072},
}
		
@article {MR0094650,
    AUTHOR = {Rudin, Walter},
     TITLE = {Remarks on a theorem of {P}aley},
   JOURNAL = {J. London Math. Soc.},
  FJOURNAL = {Journal of the London Mathematical Society. Second Series},
    VOLUME = {32},
      YEAR = {1957},
     PAGES = {307--311},
      ISSN = {0024-6107},
   MRCLASS = {42.00 (30.00)},
  MRNUMBER = {0094650},
MRREVIEWER = {R. C. Buck},
       DOI = {10.1112/jlms/s1-32.3.307},
       URL = {https://doi-org.colorado.idm.oclc.org/10.1112/jlms/s1-32.3.307},
}
		
@article {MR0089254,
    AUTHOR = {Rudin, Walter},
     TITLE = {The closed ideals in an algebra of analytic functions},
   JOURNAL = {Canad. J. Math.},
  FJOURNAL = {Canadian Journal of Mathematics. Journal Canadien de
              Math\'{e}matiques},
    VOLUME = {9},
      YEAR = {1957},
     PAGES = {426--434},
      ISSN = {0008-414X},
   MRCLASS = {30.0X},
  MRNUMBER = {0089254},
MRREVIEWER = {L. H. Loomis},
       DOI = {10.4153/CJM-1957-050-0},
       URL = {https://doi-org.colorado.idm.oclc.org/10.4153/CJM-1957-050-0},
}
		
@article {MR0085476,
    AUTHOR = {Rudin, Walter},
     TITLE = {Factorization in the group algebra of the real line},
   JOURNAL = {Proc. Nat. Acad. Sci. U.S.A.},
  FJOURNAL = {Proceedings of the National Academy of Sciences of the United
              States of America},
    VOLUME = {43},
      YEAR = {1957},
     PAGES = {339--340},
      ISSN = {0027-8424},
   MRCLASS = {46.2X},
  MRNUMBER = {0085476},
MRREVIEWER = {R. P. Boas, Jr.},
       DOI = {10.1073/pnas.43.4.339},
       URL = {https://doi-org.colorado.idm.oclc.org/10.1073/pnas.43.4.339},
}
		
@article {MR0085475,
    AUTHOR = {Rudin, Walter},
     TITLE = {Continuous functions on compact spaces without perfect
              subsets},
   JOURNAL = {Proc. Amer. Math. Soc.},
  FJOURNAL = {Proceedings of the American Mathematical Society},
    VOLUME = {8},
      YEAR = {1957},
     PAGES = {39--42},
      ISSN = {0002-9939},
   MRCLASS = {46.2X},
  MRNUMBER = {0085475},
MRREVIEWER = {P. Civin},
       DOI = {10.2307/2032807},
       URL = {https://doi-org.colorado.idm.oclc.org/10.2307/2032807},
}
		
@article {MR0083114,
    AUTHOR = {Rudin, Walter},
     TITLE = {Les id\'{e}aux ferm\'{e}s dans un anneau de fonctions analytiques},
   JOURNAL = {C. R. Acad. Sci. Paris},
    VOLUME = {244},
      YEAR = {1957},
     PAGES = {997--998},
   MRCLASS = {46.2X},
  MRNUMBER = {0083114},
MRREVIEWER = {M. Henriksen},
}
		
@article {MR0097681,
    AUTHOR = {Rudin, Walter},
     TITLE = {Transformations des coefficients de {F}ourier},
   JOURNAL = {C. R. Acad. Sci. Paris},
    VOLUME = {243},
      YEAR = {1956},
     PAGES = {638--640},
   MRCLASS = {42.00},
  MRNUMBER = {0097681},
MRREVIEWER = {G. Sunouchi},
}
		
@article {MR0082650,
    AUTHOR = {Rudin, Walter},
     TITLE = {Subalgebras of spaces of continuous functions},
   JOURNAL = {Proc. Amer. Math. Soc.},
  FJOURNAL = {Proceedings of the American Mathematical Society},
    VOLUME = {7},
      YEAR = {1956},
     PAGES = {825--830},
      ISSN = {0002-9939},
   MRCLASS = {46.2X},
  MRNUMBER = {0082650},
MRREVIEWER = {J. Wermer},
       DOI = {10.2307/2033545},
       URL = {https://doi-org.colorado.idm.oclc.org/10.2307/2033545},
}
		
@article {MR0082052,
    AUTHOR = {Rudin, Walter},
     TITLE = {The automorphisms and the enodomorphisms of the group algebra
              of the unit circle},
   JOURNAL = {Acta Math.},
  FJOURNAL = {Acta Mathematica},
    VOLUME = {95},
      YEAR = {1956},
     PAGES = {39--55},
      ISSN = {0001-5962},
   MRCLASS = {22.0X},
  MRNUMBER = {0082052},
MRREVIEWER = {E. Hewitt},
       DOI = {10.1007/BF02401097},
       URL = {https://doi-org.colorado.idm.oclc.org/10.1007/BF02401097},
}
		
@article {MR0081948,
    AUTHOR = {Rudin, Walter},
     TITLE = {Boundary values of continuous analytic functions},
   JOURNAL = {Proc. Amer. Math. Soc.},
  FJOURNAL = {Proceedings of the American Mathematical Society},
    VOLUME = {7},
      YEAR = {1956},
     PAGES = {808--811},
      ISSN = {0002-9939},
   MRCLASS = {30.0X},
  MRNUMBER = {0081948},
MRREVIEWER = {A. Rosenthal},
       DOI = {10.2307/2033541},
       URL = {https://doi-org.colorado.idm.oclc.org/10.2307/2033541},
}
		
@article {MR0080903,
    AUTHOR = {Rudin, Walter},
     TITLE = {Note of correction},
   JOURNAL = {Duke Math. J.},
  FJOURNAL = {Duke Mathematical Journal},
    VOLUME = {23},
      YEAR = {1956},
     PAGES = {633},
      ISSN = {0012-7094},
   MRCLASS = {54.0X},
  MRNUMBER = {0080903},
MRREVIEWER = {L. Gillman},
       URL = {http://projecteuclid.org.colorado.idm.oclc.org/euclid.dmj/1077467082},
}
		
@article {MR0080902,
    AUTHOR = {Rudin, Walter},
     TITLE = {Homogeneity problems in the theory of \v{C}ech compactifications},
   JOURNAL = {Duke Math. J.},
  FJOURNAL = {Duke Mathematical Journal},
    VOLUME = {23},
      YEAR = {1956},
     PAGES = {409--419},
      ISSN = {0012-7094},
   MRCLASS = {54.0X},
  MRNUMBER = {0080902},
MRREVIEWER = {L. Gillman},
       URL = {http://projecteuclid.org.colorado.idm.oclc.org/euclid.dmj/1077466953},
}
		
@article {MR0087783,
    AUTHOR = {Rudin, Walter},
     TITLE = {Laplace series and sets of logarithmic capacity zero},
   JOURNAL = {Proc. Amer. Math. Soc.},
  FJOURNAL = {Proceedings of the American Mathematical Society},
    VOLUME = {6},
      YEAR = {1955},
     PAGES = {915--918},
      ISSN = {0002-9939},
   MRCLASS = {40.0X},
  MRNUMBER = {0087783},
MRREVIEWER = {A. P. Calder\'{o}n},
       DOI = {10.2307/2033110},
       URL = {https://doi-org.colorado.idm.oclc.org/10.2307/2033110},
}
		
@article {MR0083553,
    AUTHOR = {Piranian, G. and Rudin, W.},
     TITLE = {Lusin's theorem on areas of conformal maps},
   JOURNAL = {Michigan Math. J.},
  FJOURNAL = {The Michigan Mathematical Journal},
    VOLUME = {3},
      YEAR = {1955--1956},
     PAGES = {191--199},
      ISSN = {0026-2285},
   MRCLASS = {30.0X},
  MRNUMBER = {0083553},
MRREVIEWER = {A. J. Lohwater},
       URL = {http://projecteuclid.org.colorado.idm.oclc.org/euclid.mmj/1028990036},
}
		
@article {MR0079093,
    AUTHOR = {Rudin, Walter},
     TITLE = {The radial variation of analytic functions},
   JOURNAL = {Duke Math. J.},
  FJOURNAL = {Duke Mathematical Journal},
    VOLUME = {22},
      YEAR = {1955},
     PAGES = {235--242},
      ISSN = {0012-7094},
   MRCLASS = {30.0X},
  MRNUMBER = {0079093},
MRREVIEWER = {A. P. Calder\'{o}n},
       URL = {http://projecteuclid.org.colorado.idm.oclc.org/euclid.dmj/1077466269},
}
		
@article {MR0072218,
    AUTHOR = {Lohwater, A. J. and Piranian, G. and Rudin, W.},
     TITLE = {The derivative of a schlicht function},
   JOURNAL = {Math. Scand.},
  FJOURNAL = {Mathematica Scandinavica},
    VOLUME = {3},
      YEAR = {1955},
     PAGES = {103--106},
      ISSN = {0025-5521},
   MRCLASS = {30.0X},
  MRNUMBER = {0072218},
MRREVIEWER = {M. Heins},
       DOI = {10.7146/math.scand.a-10430},
       URL = {https://doi-org.colorado.idm.oclc.org/10.7146/math.scand.a-10430},
}
		
@article {MR0070763,
    AUTHOR = {Rudin, Walter},
     TITLE = {Nonanalytic functions of absolutely convergent {F}ourier
              series},
   JOURNAL = {Proc. Nat. Acad. Sci. U.S.A.},
  FJOURNAL = {Proceedings of the National Academy of Sciences of the United
              States of America},
    VOLUME = {41},
      YEAR = {1955},
     PAGES = {238--240},
      ISSN = {0027-8424},
   MRCLASS = {42.2X},
  MRNUMBER = {0070763},
MRREVIEWER = {J. P. Kahane},
       DOI = {10.1073/pnas.41.4.238},
       URL = {https://doi-org.colorado.idm.oclc.org/10.1073/pnas.41.4.238},
}
		
@incollection {MR0070711,
    AUTHOR = {Rudin, Walter},
     TITLE = {Analytic functions of class {$H_p$}},
 BOOKTITLE = {Lectures on functions of a complex variable},
     PAGES = {387--397},
 PUBLISHER = {The University of Michigan Press, Ann Arbor},
      YEAR = {1955},
   MRCLASS = {30.0X},
  MRNUMBER = {0070711},
MRREVIEWER = {W. W. Rogosinski},
}
		
@article {MR0068633,
    AUTHOR = {Rudin, Walter},
     TITLE = {On a problem of {C}ollingwood and {C}artwright},
   JOURNAL = {J. London Math. Soc.},
  FJOURNAL = {Journal of the London Mathematical Society. Second Series},
    VOLUME = {30},
      YEAR = {1955},
     PAGES = {231--238},
      ISSN = {0024-6107},
   MRCLASS = {30.0X},
  MRNUMBER = {0068633},
MRREVIEWER = {W. Seidel},
       DOI = {10.1112/jlms/s1-30.2.231},
       URL = {https://doi-org.colorado.idm.oclc.org/10.1112/jlms/s1-30.2.231},
}
		
@article {MR0067993,
    AUTHOR = {Rudin, Walter},
     TITLE = {Analytic functions of class {$H_p$}},
   JOURNAL = {Trans. Amer. Math. Soc.},
  FJOURNAL = {Transactions of the American Mathematical Society},
    VOLUME = {78},
      YEAR = {1955},
     PAGES = {46--66},
      ISSN = {0002-9947},
   MRCLASS = {30.0X},
  MRNUMBER = {0067993},
MRREVIEWER = {M. Brelot},
       DOI = {10.2307/1992948},
       URL = {https://doi-org.colorado.idm.oclc.org/10.2307/1992948},
}
		
@article {MR0067992,
    AUTHOR = {Rudin, Walter},
     TITLE = {On a problem of {B}loch and {N}evanlinna},
   JOURNAL = {Proc. Amer. Math. Soc.},
  FJOURNAL = {Proceedings of the American Mathematical Society},
    VOLUME = {6},
      YEAR = {1955},
     PAGES = {202--204},
      ISSN = {0002-9939},
   MRCLASS = {30.0X},
  MRNUMBER = {0067992},
MRREVIEWER = {F. Herzog},
       DOI = {10.2307/2032339},
       URL = {https://doi-org.colorado.idm.oclc.org/10.2307/2032339},
}
		
@article {MR0067192,
    AUTHOR = {Rudin, Walter},
     TITLE = {Some theorems on bounded analytic functions},
   JOURNAL = {Trans. Amer. Math. Soc.},
  FJOURNAL = {Transactions of the American Mathematical Society},
    VOLUME = {78},
      YEAR = {1955},
     PAGES = {333--342},
      ISSN = {0002-9947},
   MRCLASS = {30.0X},
  MRNUMBER = {0067192},
MRREVIEWER = {M. Henriksen},
       DOI = {10.2307/1993067},
       URL = {https://doi-org.colorado.idm.oclc.org/10.2307/1993067},
}
		
@article {MR0066449,
    AUTHOR = {Rudin, Walter},
     TITLE = {Multiplicative groups of analytic functions},
   JOURNAL = {Proc. Amer. Math. Soc.},
  FJOURNAL = {Proceedings of the American Mathematical Society},
    VOLUME = {6},
      YEAR = {1955},
     PAGES = {83--87},
      ISSN = {0002-9939},
   MRCLASS = {30.0X},
  MRNUMBER = {0066449},
MRREVIEWER = {M. Henriksen},
       DOI = {10.2307/2032658},
       URL = {https://doi-org.colorado.idm.oclc.org/10.2307/2032658},
}
		
@article {MR0056076,
    AUTHOR = {Rudin, Walter},
     TITLE = {Analyticity, and the maximum modulus principle},
   JOURNAL = {Duke Math. J.},
  FJOURNAL = {Duke Mathematical Journal},
    VOLUME = {20},
      YEAR = {1953},
     PAGES = {449--457},
      ISSN = {0012-7094},
   MRCLASS = {30.0X},
  MRNUMBER = {0056076},
MRREVIEWER = {H. L. Royden},
       URL = {http://projecteuclid.org.colorado.idm.oclc.org/euclid.dmj/1077465335},
}
		
@book {MR0055409,
    AUTHOR = {Rudin, Walter},
     TITLE = {Principles of mathematical analysis},
 PUBLISHER = {McGraw-Hill Book Company, Inc., New York-Toronto-London},
      YEAR = {1953},
     PAGES = {ix+227},
   MRCLASS = {27.2X},
  MRNUMBER = {0055409},
MRREVIEWER = {U. S. Haslam-Jones},
}
		
@article {MR0053270,
    AUTHOR = {Rudin, Walter},
     TITLE = {A remark concerning {G}raves' closure criterion},
   JOURNAL = {Canadian J. Math.},
  FJOURNAL = {Canadian Journal of Mathematics. Journal Canadien de
              Math\'{e}matiques},
    VOLUME = {5},
      YEAR = {1953},
     PAGES = {194--195},
      ISSN = {0008-414X},
   MRCLASS = {42.4X},
  MRNUMBER = {0053270},
MRREVIEWER = {J. Korevaar},
       DOI = {10.4153/cjm-1953-021-7},
       URL = {https://doi-org.colorado.idm.oclc.org/10.4153/cjm-1953-021-7},
}
		
@article {MR0047811,
    AUTHOR = {Newman, Jerome and Rudin, Walter},
     TITLE = {Mean convergence of orthogonal series},
   JOURNAL = {Proc. Amer. Math. Soc.},
  FJOURNAL = {Proceedings of the American Mathematical Society},
    VOLUME = {3},
      YEAR = {1952},
     PAGES = {219--222},
      ISSN = {0002-9939},
   MRCLASS = {42.4X},
  MRNUMBER = {0047811},
MRREVIEWER = {J. Korevaar},
       DOI = {10.2307/2032262},
       URL = {https://doi-org.colorado.idm.oclc.org/10.2307/2032262},
}
		
@article {MR0045903,
    AUTHOR = {Rudin, Walter},
     TITLE = {Inversion of second order differential operators},
   JOURNAL = {Proc. Amer. Math. Soc.},
  FJOURNAL = {Proceedings of the American Mathematical Society},
    VOLUME = {3},
      YEAR = {1952},
     PAGES = {92--98},
      ISSN = {0002-9939},
   MRCLASS = {36.0X},
  MRNUMBER = {0045903},
MRREVIEWER = {M. Brelot},
       DOI = {10.2307/2032461},
       URL = {https://doi-org.colorado.idm.oclc.org/10.2307/2032461},
}
		
@article {MR0045846,
    AUTHOR = {Rudin, Walter},
     TITLE = {{$L^2$}-approximation by partial sums of orthogonal
              developments},
   JOURNAL = {Duke Math. J.},
  FJOURNAL = {Duke Mathematical Journal},
    VOLUME = {19},
      YEAR = {1952},
     PAGES = {1--4},
      ISSN = {0012-7094},
   MRCLASS = {42.4X},
  MRNUMBER = {0045846},
MRREVIEWER = {J. Korevaar},
       URL = {http://projecteuclid.org.colorado.idm.oclc.org/euclid.dmj/1077477034},
}
		
@article {MR0045263,
    AUTHOR = {Rudin, Walter},
     TITLE = {Green's second identity for generalized {L}aplacians},
   JOURNAL = {Proc. Amer. Math. Soc.},
  FJOURNAL = {Proceedings of the American Mathematical Society},
    VOLUME = {2},
      YEAR = {1951},
     PAGES = {970--972},
      ISSN = {0002-9939},
   MRCLASS = {31.0X},
  MRNUMBER = {0045263},
MRREVIEWER = {J. Deny},
       DOI = {10.2307/2031718},
       URL = {https://doi-org.colorado.idm.oclc.org/10.2307/2031718},
}
		
@article {MR0045262,
    AUTHOR = {Rudin, Walter},
     TITLE = {Positive infinities of potentials},
   JOURNAL = {Proc. Amer. Math. Soc.},
  FJOURNAL = {Proceedings of the American Mathematical Society},
    VOLUME = {2},
      YEAR = {1951},
     PAGES = {967--970},
      ISSN = {0002-9939},
   MRCLASS = {31.0X},
  MRNUMBER = {0045262},
MRREVIEWER = {J. Deny},
       DOI = {10.2307/2031717},
       URL = {https://doi-org.colorado.idm.oclc.org/10.2307/2031717},
}
		
@article {MR0041288,
    AUTHOR = {Rudin, Walter},
     TITLE = {A theorem on subharmonic functions},
   JOURNAL = {Proc. Amer. Math. Soc.},
  FJOURNAL = {Proceedings of the American Mathematical Society},
    VOLUME = {2},
      YEAR = {1951},
     PAGES = {209--212},
      ISSN = {0002-9939},
   MRCLASS = {31.0X},
  MRNUMBER = {0041288},
MRREVIEWER = {M. Brelot},
       DOI = {10.2307/2032488},
       URL = {https://doi-org.colorado.idm.oclc.org/10.2307/2032488},
}
		
@article {MR0040467,
    AUTHOR = {Rudin, Walter},
     TITLE = {Uniqueness theory of {H}ermite series},
   JOURNAL = {Trans. Amer. Math. Soc.},
  FJOURNAL = {Transactions of the American Mathematical Society},
    VOLUME = {70},
      YEAR = {1951},
     PAGES = {387--403},
      ISSN = {0002-9947},
   MRCLASS = {42.4X},
  MRNUMBER = {0040467},
MRREVIEWER = {E. Hille},
       DOI = {10.2307/1990606},
       URL = {https://doi-org.colorado.idm.oclc.org/10.2307/1990606},
}
		
@article {MR0034916,
    AUTHOR = {Rudin, Walter},
     TITLE = {Integral representation of continuous functions},
   JOURNAL = {Trans. Amer. Math. Soc.},
  FJOURNAL = {Transactions of the American Mathematical Society},
    VOLUME = {68},
      YEAR = {1950},
     PAGES = {278--286},
      ISSN = {0002-9947},
   MRCLASS = {31.0X},
  MRNUMBER = {0034916},
MRREVIEWER = {M. Brelot},
       DOI = {10.2307/1990445},
       URL = {https://doi-org.colorado.idm.oclc.org/10.2307/1990445},
}
		
@article {MR0033368,
    AUTHOR = {Rudin, Walter},
     TITLE = {Uniqueness theory for {L}aplace series},
   JOURNAL = {Trans. Amer. Math. Soc.},
  FJOURNAL = {Transactions of the American Mathematical Society},
    VOLUME = {68},
      YEAR = {1950},
     PAGES = {287--303},
      ISSN = {0002-9947},
   MRCLASS = {42.4X},
  MRNUMBER = {0033368},
MRREVIEWER = {G. Szeg\"{o}},
       DOI = {10.2307/1990446},
       URL = {https://doi-org.colorado.idm.oclc.org/10.2307/1990446},
}
		
@book {MR2937921,
    AUTHOR = {Rudin, Walter},
     TITLE = {U{NIQUENESS} {THEORY} {FOR} {LAPLACE} {SERIES}},
      NOTE = {Thesis (Ph.D.)--Duke University},
 PUBLISHER = {ProQuest LLC, Ann Arbor, MI},
      YEAR = {1949},
     PAGES = {60},
   MRCLASS = {Thesis},
  MRNUMBER = {2937921},
       URL =
              {http://gateway.proquest.com.colorado.idm.oclc.org/openurl?url_ver=Z39.88-2004&rft_val_fmt=info:ofi/fmt:kev:mtx:dissertation&res_dat=xri:pqdiss&rft_dat=xri:pqdiss:0175063},
}
		
@article {MR0029404,
    AUTHOR = {Rudin, Walter},
     TITLE = {A theorem on {H}urwitz series},
   JOURNAL = {Duke Math. J.},
  FJOURNAL = {Duke Mathematical Journal},
    VOLUME = {16},
      YEAR = {1949},
     PAGES = {309--311},
      ISSN = {0012-7094},
   MRCLASS = {10.0X},
  MRNUMBER = {0029404},
MRREVIEWER = {A. L. Whiteman},
       URL = {http://projecteuclid.org.colorado.idm.oclc.org/euclid.dmj/1077475511},
}
