@article {MR3340540,
    AUTHOR = {Rijke, Egbert and Spitters, Bas},
     TITLE = {Sets in homotopy type theory},
   JOURNAL = {Math. Structures Comput. Sci.},
  FJOURNAL = {Mathematical Structures in Computer Science. A Journal in the
              Applications of Categorical, Algebraic and Geometric Methods
              in Computer Science},
    VOLUME = {25},
      YEAR = {2015},
    NUMBER = {5},
     PAGES = {1172--1202},
      ISSN = {0960-1295},
   MRCLASS = {03B15 (03E99 18Bxx 55U35)},
  MRNUMBER = {3340540},
MRREVIEWER = {Krzysztof R. Kapulkin},
       DOI = {10.1017/S0960129514000553},
       URL = {http://dx.doi.org/10.1017/S0960129514000553},
}
		
@incollection {MR3111291,
    AUTHOR = {Makarov, Evgeny and Spitters, Bas},
     TITLE = {The {P}icard algorithm for ordinary differential equations in
              {C}oq},
 BOOKTITLE = {Interactive theorem proving},
    SERIES = {Lecture Notes in Comput. Sci.},
    VOLUME = {7998},
     PAGES = {463--468},
 PUBLISHER = {Springer, Heidelberg},
      YEAR = {2013},
   MRCLASS = {Indexed},
  MRNUMBER = {3111291},
       DOI = {10.1007/978-3-642-39634-2_34},
       URL = {http://dx.doi.org/10.1007/978-3-642-39634-2_34},
}
		
@article {MR3029087,
    AUTHOR = {Krebbers, Robbert and Spitters, Bas},
     TITLE = {Type classes for efficient exact real arithmetic in {C}oq},
   JOURNAL = {Log. Methods Comput. Sci.},
  FJOURNAL = {Logical Methods in Computer Science},
    VOLUME = {9},
      YEAR = {2013},
    NUMBER = {1},
     PAGES = {1:01, 27},
      ISSN = {1860-5974},
   MRCLASS = {68N18 (03B15 03B35 03F60 65Y04)},
  MRNUMBER = {3029087},
       DOI = {10.2168/LMCS-9(1:1)2013},
       URL = {http://dx.doi.org/10.2168/LMCS-9(1:1)2013},
}
		
@article {MR2999075,
    AUTHOR = {Coquand, Thierry and Spitters, Bas},
     TITLE = {A constructive proof of {S}impson's rule},
   JOURNAL = {J. Log. Anal.},
  FJOURNAL = {Journal of Logic and Analysis},
    VOLUME = {4},
      YEAR = {2012},
     PAGES = {Paper 15, 8},
      ISSN = {1759-9008},
   MRCLASS = {65D30 (03F60)},
  MRNUMBER = {2999075},
MRREVIEWER = {Douglas S. Bridges},
}
		
@article {MR2945400,
    AUTHOR = {Heunen, Chris and Landsman, Nicolaas P. and Spitters, Bas},
     TITLE = {Bohrification of operator algebras and quantum logic},
   JOURNAL = {Synthese},
  FJOURNAL = {Synthese. An International Journal for Epistemology,
              Methodology and Philosophy of Science},
    VOLUME = {186},
      YEAR = {2012},
    NUMBER = {3},
     PAGES = {719--752},
      ISSN = {0039-7857},
   MRCLASS = {03G12 (06D20 06D22 81P10)},
  MRNUMBER = {2945400},
       DOI = {10.1007/s11229-011-9918-4},
       URL = {http://dx.doi.org/10.1007/s11229-011-9918-4},
}
		
@article {MR2928836,
    AUTHOR = {Spitters, Bas},
     TITLE = {The space of measurement outcomes as a spectral invariant for
              non-commutative algebras},
   JOURNAL = {Found. Phys.},
  FJOURNAL = {Foundations of Physics. An International Journal Devoted to
              the Conceptual Bases and Fundamental Theories of Modern
              Physics},
    VOLUME = {42},
      YEAR = {2012},
    NUMBER = {7},
     PAGES = {896--908},
      ISSN = {0015-9018},
   MRCLASS = {81P15 (03C90 06E25 18B99)},
  MRNUMBER = {2928836},
       DOI = {10.1007/s10701-011-9619-3},
       URL = {http://dx.doi.org/10.1007/s10701-011-9619-3},
}
		
@article {MR2832644,
    AUTHOR = {Coquand, Thierry and Palmgren, Erik and Spitters, Bas},
     TITLE = {Metric complements of overt closed sets},
   JOURNAL = {MLQ Math. Log. Q.},
  FJOURNAL = {MLQ. Mathematical Logic Quarterly},
    VOLUME = {57},
      YEAR = {2011},
    NUMBER = {4},
     PAGES = {373--378},
      ISSN = {0942-5616},
   MRCLASS = {06D22 (03F60 28C05)},
  MRNUMBER = {2832644},
       DOI = {10.1002/malq.201010011},
       URL = {http://dx.doi.org/10.1002/malq.201010011},
}
		
@article {MR2817880,
    AUTHOR = {Spitters, Bas and van der Weegen, Eelis},
     TITLE = {Type classes for mathematics in type theory},
   JOURNAL = {Math. Structures Comput. Sci.},
  FJOURNAL = {Mathematical Structures in Computer Science. A Journal in the
              Applications of Categorical, Algebraic and Geometric Methods
              in Computer Science},
    VOLUME = {21},
      YEAR = {2011},
    NUMBER = {4},
     PAGES = {795--825},
      ISSN = {0960-1295},
   MRCLASS = {03B15 (03C05 03D55)},
  MRNUMBER = {2817880},
       DOI = {10.1017/S0960129511000119},
       URL = {http://dx.doi.org/10.1017/S0960129511000119},
}
		
@article {MR2810943,
    AUTHOR = {Heunen, Chris and Landsman, Nicolaas P. and Spitters, Bas and
              Wolters, Sander},
     TITLE = {The {G}elfand spectrum of a noncommutative {$C^\ast$}-algebra:
              a topos-theoretic approach},
   JOURNAL = {J. Aust. Math. Soc.},
  FJOURNAL = {Journal of the Australian Mathematical Society},
    VOLUME = {90},
      YEAR = {2011},
    NUMBER = {1},
     PAGES = {39--52},
      ISSN = {1446-7887},
   MRCLASS = {46L05 (03F55 06D22 18B25 47L40)},
  MRNUMBER = {2810943},
MRREVIEWER = {Mat\~A-as Menni},
       DOI = {10.1017/S1446788711001157},
       URL = {http://dx.doi.org/10.1017/S1446788711001157},
}
		
@incollection {MR2752523,
    AUTHOR = {Heunen, Chris and Landsman, Nicolaas P. and Spitters, Bas},
     TITLE = {Bohrification},
 BOOKTITLE = {Deep beauty},
     PAGES = {271--313},
 PUBLISHER = {Cambridge Univ. Press, Cambridge},
      YEAR = {2011},
   MRCLASS = {81P10 (06D22 18B25 46L60 46N50)},
  MRNUMBER = {2752523},
MRREVIEWER = {Roman R. Zapatrin},
}
		
@article {MR2748394,
    AUTHOR = {Coquand, Thierry and Spitters, Bas},
     TITLE = {Constructive theory of {B}anach algebras},
   JOURNAL = {J. Log. Anal.},
  FJOURNAL = {Journal of Logic and Analysis},
    VOLUME = {2},
      YEAR = {2010},
     PAGES = {Paper 11, 15},
      ISSN = {1759-9008},
   MRCLASS = {03F60 (46H05 46S30)},
  MRNUMBER = {2748394},
MRREVIEWER = {Douglas S. Bridges},
       DOI = {10.4115/jla.2010.2.11},
       URL = {http://dx.doi.org/10.4115/jla.2010.2.11},
}
		
@article {MR2720658,
    AUTHOR = {Spitters, Bas},
     TITLE = {Locatedness and overt sublocales},
   JOURNAL = {Ann. Pure Appl. Logic},
  FJOURNAL = {Annals of Pure and Applied Logic},
    VOLUME = {162},
      YEAR = {2010},
    NUMBER = {1},
     PAGES = {36--54},
      ISSN = {0168-0072},
   MRCLASS = {03F60 (03F65 06D22)},
  MRNUMBER = {2720658},
MRREVIEWER = {Giovanni Curi},
       DOI = {10.1016/j.apal.2010.07.002},
       URL = {http://dx.doi.org/10.1016/j.apal.2010.07.002},
}
		
@incollection {MR2678760,
    AUTHOR = {Spitters, Bas and van der Weegen, Eelis},
     TITLE = {Developing the algebraic hierarchy with type classes in {C}oq},
 BOOKTITLE = {Interactive theorem proving},
    SERIES = {Lecture Notes in Comput. Sci.},
    VOLUME = {6172},
     PAGES = {490--493},
 PUBLISHER = {Springer, Berlin},
      YEAR = {2010},
   MRCLASS = {Indexed},
  MRNUMBER = {2678760},
       DOI = {10.1007/978-3-642-14052-5_35},
       URL = {http://dx.doi.org/10.1007/978-3-642-14052-5_35},
}
		
@article {MR2676057,
    AUTHOR = {O'Connor, Russell and Spitters, Bas},
     TITLE = {A computer-verified monadic functional implementation of the
              integral},
   JOURNAL = {Theoret. Comput. Sci.},
  FJOURNAL = {Theoretical Computer Science},
    VOLUME = {411},
      YEAR = {2010},
    NUMBER = {37},
     PAGES = {3386--3402},
      ISSN = {0304-3975},
   MRCLASS = {03F60 (03B15 26A42)},
  MRNUMBER = {2676057},
MRREVIEWER = {Anton Setzer},
       DOI = {10.1016/j.tcs.2010.05.031},
       URL = {http://dx.doi.org/10.1016/j.tcs.2010.05.031},
}
		
@article {MR2660729,
    AUTHOR = {Spitters, Bas},
     TITLE = {Constructive pointfree topology eliminates non-constructive
              representation theorems from {R}iesz space theory},
   JOURNAL = {Order},
  FJOURNAL = {Order. A Journal on the Theory of Ordered Sets and its
              Applications},
    VOLUME = {27},
      YEAR = {2010},
    NUMBER = {2},
     PAGES = {225--233},
      ISSN = {0167-8094},
   MRCLASS = {46A40 (03F60 54J05)},
  MRNUMBER = {2660729},
MRREVIEWER = {Zi Li Chen},
       DOI = {10.1007/s11083-010-9147-3},
       URL = {http://dx.doi.org/10.1007/s11083-010-9147-3},
}
		
@article {MR2549078,
    AUTHOR = {Caspers, Martijn and Heunen, Chris and Landsman, Nicolaas P.
              and Spitters, Bas},
     TITLE = {Intuitionistic quantum logic of an {$n$}-level system},
   JOURNAL = {Found. Phys.},
  FJOURNAL = {Foundations of Physics. An International Journal Devoted to
              the Conceptual Bases and Fundamental Theories of Modern
              Physics},
    VOLUME = {39},
      YEAR = {2009},
    NUMBER = {7},
     PAGES = {731--759},
      ISSN = {0015-9018},
   MRCLASS = {81P10},
  MRNUMBER = {2549078},
MRREVIEWER = {Jan Hamhalter},
       DOI = {10.1007/s10701-009-9308-7},
       URL = {http://dx.doi.org/10.1007/s10701-009-9308-7},
}
		
@article {MR2530156,
    AUTHOR = {Heunen, Chris and Landsman, Nicolaas P. and Spitters, Bas},
     TITLE = {A topos for algebraic quantum theory},
   JOURNAL = {Comm. Math. Phys.},
  FJOURNAL = {Communications in Mathematical Physics},
    VOLUME = {291},
      YEAR = {2009},
    NUMBER = {1},
     PAGES = {63--110},
      ISSN = {0010-3616},
   MRCLASS = {81R15 (18B20 46L60 46N50 81P10)},
  MRNUMBER = {2530156},
       DOI = {10.1007/s00220-009-0865-6},
       URL = {http://dx.doi.org/10.1007/s00220-009-0865-6},
}
		
@article {MR2525930,
    AUTHOR = {Coquand, Thierry and Spitters, Bas},
     TITLE = {Constructive {G}elfand duality for {$C^*$}-algebras},
   JOURNAL = {Math. Proc. Cambridge Philos. Soc.},
  FJOURNAL = {Mathematical Proceedings of the Cambridge Philosophical
              Society},
    VOLUME = {147},
      YEAR = {2009},
    NUMBER = {2},
     PAGES = {339--344},
      ISSN = {0305-0041},
   MRCLASS = {46S30 (03F65 46L05)},
  MRNUMBER = {2525930},
MRREVIEWER = {Fred Richman},
       DOI = {10.1017/S0305004109002515},
       URL = {http://dx.doi.org/10.1017/S0305004109002515},
}
		
@article {MR2491240,
    AUTHOR = {Coquand, Thierry and Spitters, Bas},
     TITLE = {Integrals and valuations},
   JOURNAL = {J. Log. Anal.},
  FJOURNAL = {Journal of Logic and Analysis},
    VOLUME = {1},
      YEAR = {2009},
     PAGES = {Paper 3, 22},
      ISSN = {1759-9008},
   MRCLASS = {28C05 (06D22)},
  MRNUMBER = {2491240},
       DOI = {10.4115/jla.2009.1.3},
       URL = {http://dx.doi.org/10.4115/jla.2009.1.3},
}
		
@article {MR2311084,
    AUTHOR = {Geuvers, Herman and Niqui, Milad and Spitters, Bas and
              Wiedijk, Freek},
     TITLE = {Constructive analysis, types and exact real numbers},
   JOURNAL = {Math. Structures Comput. Sci.},
  FJOURNAL = {Mathematical Structures in Computer Science. A Journal in the
              Applications of Categorical, Algebraic and Geometric Methods
              in Computer Science},
    VOLUME = {17},
      YEAR = {2007},
    NUMBER = {1},
     PAGES = {3--36},
      ISSN = {0960-1295},
   MRCLASS = {03F60 (03B30 03D45)},
  MRNUMBER = {2311084},
       DOI = {10.1017/S0960129506005834},
       URL = {http://dx.doi.org/10.1017/S0960129506005834},
}
		
@article {MR2311083,
    AUTHOR = {Spitters, Bas and Geuvers, Herman and Niqui, Milad and
              Wiedijk, Freek},
     TITLE = {Preface to the special issue: constructive analysis, types and
              exact real numbers},
   JOURNAL = {Math. Structures Comput. Sci.},
  FJOURNAL = {Mathematical Structures in Computer Science. A Journal in the
              Applications of Categorical, Algebraic and Geometric Methods
              in Computer Science},
    VOLUME = {17},
      YEAR = {2007},
    NUMBER = {1},
     PAGES = {1},
      ISSN = {0960-1295},
   MRCLASS = {03-06},
  MRNUMBER = {2311083},
       DOI = {10.1017/S0960129506005846},
       URL = {http://dx.doi.org/10.1017/S0960129506005846},
}
		
@article {MR2275868,
    AUTHOR = {Spitters, Bas},
     TITLE = {Corrigendum to: ``{A} constructive view on ergodic theorems''
              [{J}. {S}ymbolic {L}ogic {\bf 71} (2006), no. 2, 611--623;
              MR2225897]},
   JOURNAL = {J. Symbolic Logic},
  FJOURNAL = {The Journal of Symbolic Logic},
    VOLUME = {71},
      YEAR = {2006},
    NUMBER = {4},
     PAGES = {1431--1432},
      ISSN = {0022-4812},
   MRCLASS = {03F60 (03F35 46S30 47A35 47S30)},
  MRNUMBER = {2275868},
       DOI = {10.2178/jsl/1164060464},
       URL = {http://dx.doi.org/10.2178/jsl/1164060464},
}
		
@article {MR2225897,
    AUTHOR = {Spitters, Bas},
     TITLE = {A constructive view on ergodic theorems},
   JOURNAL = {J. Symbolic Logic},
  FJOURNAL = {The Journal of Symbolic Logic},
    VOLUME = {71},
      YEAR = {2006},
    NUMBER = {2},
     PAGES = {611--623},
      ISSN = {0022-4812},
   MRCLASS = {03F60 (03F35 46S30 47A35 47S30)},
  MRNUMBER = {2225897},
MRREVIEWER = {Lumini\AA \sterling{}a Simona V\~A$\circledR$\AA \sterling{}\"A},
       DOI = {10.2178/jsl/1146620162},
       URL = {http://dx.doi.org/10.2178/jsl/1146620162},
}
		
@article {MR2182110,
    AUTHOR = {Spitters, Bas},
     TITLE = {Constructive algebraic integration theory},
   JOURNAL = {Ann. Pure Appl. Logic},
  FJOURNAL = {Annals of Pure and Applied Logic},
    VOLUME = {137},
      YEAR = {2006},
    NUMBER = {1-3},
     PAGES = {380--390},
      ISSN = {0168-0072},
   MRCLASS = {28E15 (03F60 26E40 46S30)},
  MRNUMBER = {2182110},
MRREVIEWER = {Jaume Casasnovas},
       DOI = {10.1016/j.apal.2005.05.031},
       URL = {http://dx.doi.org/10.1016/j.apal.2005.05.031},
}
		
@article {MR2295758,
    AUTHOR = {Spitters, Bas},
     TITLE = {Almost periodic functions, constructively},
   JOURNAL = {Log. Methods Comput. Sci.},
  FJOURNAL = {Logical Methods in Computer Science},
    VOLUME = {1},
      YEAR = {2005},
    NUMBER = {3},
     PAGES = {3:2, 7},
      ISSN = {1860-5974},
   MRCLASS = {03F60},
  MRNUMBER = {2295758},
       DOI = {10.2168/LMCS-1(3:3)2005},
       URL = {http://dx.doi.org/10.2168/LMCS-1(3:3)2005},
}
		
@article {MR2209808,
    AUTHOR = {Spitters, Bas},
     TITLE = {Constructive results on operator algebras},
   JOURNAL = {J.UCS},
  FJOURNAL = {J.UCS. Journal of Universal Computer Science},
    VOLUME = {11},
      YEAR = {2005},
    NUMBER = {12},
     PAGES = {2096--2113},
      ISSN = {0948-695X},
   MRCLASS = {46S30 (03F60 46L10 47L30)},
  MRNUMBER = {2209808},
MRREVIEWER = {Peter M. Schuster},
}
		
@article {MR2209804,
    AUTHOR = {Coquand, Thierry and Spitters, Bas},
     TITLE = {Formal topology and constructive mathematics: the {G}elfand
              and {S}tone-{Y}osida representation theorems},
   JOURNAL = {J.UCS},
  FJOURNAL = {J.UCS. Journal of Universal Computer Science},
    VOLUME = {11},
      YEAR = {2005},
    NUMBER = {12},
     PAGES = {1932--1944},
      ISSN = {0948-695X},
   MRCLASS = {03F65 (46A40 46S30)},
  MRNUMBER = {2209804},
MRREVIEWER = {Fred Richman},
}
		
@incollection {MR2188649,
    AUTHOR = {Spitters, Bas},
     TITLE = {Approximating integrable sets by compacts constructively},
 BOOKTITLE = {From sets and types to topology and analysis},
    SERIES = {Oxford Logic Guides},
    VOLUME = {48},
     PAGES = {268--279},
 PUBLISHER = {Oxford Univ. Press, Oxford},
      YEAR = {2005},
   MRCLASS = {03F60 (28A05)},
  MRNUMBER = {2188649},
       DOI = {10.1093/acprof:oso/9780198566519.003.0017},
       URL = {http://dx.doi.org/10.1093/acprof:oso/9780198566519.003.0017},
}
		
@article {MR2150365,
    AUTHOR = {Coquand, Thierry and Spitters, Bas},
     TITLE = {A constructive proof of the {P}eter-{W}eyl theorem},
   JOURNAL = {MLQ Math. Log. Q.},
  FJOURNAL = {MLQ. Mathematical Logic Quarterly},
    VOLUME = {51},
      YEAR = {2005},
    NUMBER = {4},
     PAGES = {351--359},
      ISSN = {0942-5616},
   MRCLASS = {03F60 (22C05)},
  MRNUMBER = {2150365},
MRREVIEWER = {Rudolf J. Taschner},
       DOI = {10.1002/malq.200410037},
       URL = {http://dx.doi.org/10.1002/malq.200410037},
}
		
@article {MR2015829,
    AUTHOR = {Bridges, Douglas and Ishihara, Hajime and Spitters, Bas},
     TITLE = {Locating the range of an operator with an adjoint},
   JOURNAL = {Indag. Math. (N.S.)},
  FJOURNAL = {Koninklijke Nederlandse Akademie van Wetenschappen.
              Indagationes Mathematicae. New Series},
    VOLUME = {13},
      YEAR = {2002},
    NUMBER = {4},
     PAGES = {433--440},
      ISSN = {0019-3577},
   MRCLASS = {47S30 (03F60 47A05)},
  MRNUMBER = {2015829},
MRREVIEWER = {Peter M. Schuster},
       DOI = {10.1016/S0019-3577(02)80024-6},
       URL = {http://dx.doi.org/10.1016/S0019-3577(02)80024-6},
}
		
@article {MR1948060,
    AUTHOR = {Spitters, Bas},
     TITLE = {Located operators},
      NOTE = {Dagstuhl Seminar on Computability and Complexity in Analysis,
              2001},
   JOURNAL = {MLQ Math. Log. Q.},
  FJOURNAL = {MLQ. Mathematical Logic Quarterly},
    VOLUME = {48},
      YEAR = {2002},
    NUMBER = {suppl. 1},
     PAGES = {107--122},
      ISSN = {0942-5616},
   MRCLASS = {03F60 (47S30)},
  MRNUMBER = {1948060},
MRREVIEWER = {Douglas S. Bridges},
       DOI = {10.1002/1521-3870(200210)48:1+<107::AID-MALQ107>3.0.CO;2-O},
       URL =
              {http://dx.doi.org/10.1002/1521-3870(200210)48:1+<107::AID-MALQ107>3.0.CO;2-O},
}
		
@article {MR1809670,
    AUTHOR = {Spitters, Bas and Veldman, Wim},
     TITLE = {A constructive converse of the mean value theorem},
   JOURNAL = {Indag. Math. (N.S.)},
  FJOURNAL = {Koninklijke Nederlandse Akademie van Wetenschappen.
              Indagationes Mathematicae. New Series},
    VOLUME = {11},
      YEAR = {2000},
    NUMBER = {1},
     PAGES = {151--157},
      ISSN = {0019-3577},
   MRCLASS = {03F60 (26E40)},
  MRNUMBER = {1809670},
MRREVIEWER = {Douglas S. Bridges},
       DOI = {10.1016/S0019-3577(00)88581-X},
       URL = {http://dx.doi.org/10.1016/S0019-3577(00)88581-X},
}