@incollection {MR3763195,
    AUTHOR = {Statman, Rick},
     TITLE = {The completeness of {\it {BCD}} for an operational semantics},
 BOOKTITLE = {Logical foundations of computer science},
    SERIES = {Lecture Notes in Comput. Sci.},
    VOLUME = {10703},
     PAGES = {331--336},
 PUBLISHER = {Springer, Cham},
      YEAR = {2018},
   MRCLASS = {03B40},
  MRNUMBER = {3763195},
}
		
@article {MR3739624,
    AUTHOR = {Intrigila, Benedetto and Statman, Richard},
     TITLE = {Fixed points in lambda calculus. {A}n eccentric survey of
              problems and solutions},
   JOURNAL = {Indag. Math. (N.S.)},
  FJOURNAL = {Koninklijke Nederlandse Akademie van Wetenschappen.
              Indagationes Mathematicae. New Series},
    VOLUME = {29},
      YEAR = {2018},
    NUMBER = {1},
     PAGES = {450--458},
      ISSN = {0019-3577},
   MRCLASS = {03B40},
  MRNUMBER = {3739624},
MRREVIEWER = {Henning Basold},
       DOI = {10.1016/j.indag.2017.06.003},
       URL = {https://doi-org.colorado.idm.oclc.org/10.1016/j.indag.2017.06.003},
}
		
@incollection {MR3754097,
    AUTHOR = {Statman, Rick},
     TITLE = {Some tweets about mockingbirds},
 BOOKTITLE = {Raymond {S}mullyan on self reference},
    SERIES = {Outst. Contrib. Log.},
    VOLUME = {14},
     PAGES = {113--122},
 PUBLISHER = {Springer, Cham},
      YEAR = {2017},
   MRCLASS = {03B40},
  MRNUMBER = {3754097},
}
		
@article {MR3641620,
    AUTHOR = {Statman, Rick},
     TITLE = {Taming the wild ant-lion; a counterexample to a conjecture of
              {B}\"{o}hm},
   JOURNAL = {Math. Structures Comput. Sci.},
  FJOURNAL = {Mathematical Structures in Computer Science. A Journal in the
              Applications of Categorical, Algebraic and Geometric Methods
              in Computer Science},
    VOLUME = {27},
      YEAR = {2017},
    NUMBER = {5},
     PAGES = {734--737},
      ISSN = {0960-1295},
   MRCLASS = {03B40},
  MRNUMBER = {3641620},
MRREVIEWER = {Lu\'{i}s Cruz-Filipe},
       DOI = {10.1017/S0960129515000341},
       URL = {https://doi-org.colorado.idm.oclc.org/10.1017/S0960129515000341},
}
		
@article {MR3606720,
    AUTHOR = {Intrigila, Benedetto and Statman, Richard},
     TITLE = {Lambda theories allowing terms with a finite number of fixed
              points},
   JOURNAL = {Math. Structures Comput. Sci.},
  FJOURNAL = {Mathematical Structures in Computer Science. A Journal in the
              Applications of Categorical, Algebraic and Geometric Methods
              in Computer Science},
    VOLUME = {27},
      YEAR = {2017},
    NUMBER = {3},
     PAGES = {405--427},
      ISSN = {0960-1295},
   MRCLASS = {03B40 (03D25)},
  MRNUMBER = {3606720},
MRREVIEWER = {Fredrik Nordvall Forsberg},
       DOI = {10.1017/S0960129515000419},
       URL = {https://doi-org.colorado.idm.oclc.org/10.1017/S0960129515000419},
}
		
@incollection {MR3591706,
    AUTHOR = {Statman, Rick},
     TITLE = {How to think of intersection types as {C}artesian products},
 BOOKTITLE = {The {T}hirty-second {C}onference on the {M}athematical
              {F}oundations of {P}rogramming {S}emantics ({MFPS} {XXXII})},
    SERIES = {Electron. Notes Theor. Comput. Sci.},
    VOLUME = {325},
     PAGES = {305--312},
 PUBLISHER = {Elsevier Sci. B. V., Amsterdam},
      YEAR = {2016},
   MRCLASS = {68N18 (03B40)},
  MRNUMBER = {3591706},
       DOI = {10.1016/j.entcs.2016.09.045},
       URL = {https://doi-org.colorado.idm.oclc.org/10.1016/j.entcs.2016.09.045},
}
		
@incollection {MR3591705,
    AUTHOR = {Statman, Rick},
     TITLE = {On the representation of semigroups and other congruences in
              the lambda calculus},
 BOOKTITLE = {The {T}hirty-second {C}onference on the {M}athematical
              {F}oundations of {P}rogramming {S}emantics ({MFPS} {XXXII})},
    SERIES = {Electron. Notes Theor. Comput. Sci.},
    VOLUME = {325},
     PAGES = {299--304},
 PUBLISHER = {Elsevier Sci. B. V., Amsterdam},
      YEAR = {2016},
   MRCLASS = {03B40 (03B25 20M05)},
  MRNUMBER = {3591705},
       DOI = {10.1016/j.entcs.2016.09.044},
       URL = {https://doi-org.colorado.idm.oclc.org/10.1016/j.entcs.2016.09.044},
}
		
@incollection {MR3502854,
    AUTHOR = {Statman, Rick},
     TITLE = {Levy labels and recursive types},
 BOOKTITLE = {Logical foundations of computer science},
    SERIES = {Lecture Notes in Comput. Sci.},
    VOLUME = {9537},
     PAGES = {392--406},
 PUBLISHER = {Springer, [Cham]},
      YEAR = {2016},
   MRCLASS = {03B40},
  MRNUMBER = {3502854},
       DOI = {10.1007/978-3-319-27683-0_27},
       URL = {https://doi-org.colorado.idm.oclc.org/10.1007/978-3-319-27683-0_27},
}
		
@inproceedings {MR3611969,
    AUTHOR = {Statman, Rick},
     TITLE = {A finite model property for intersection types},
 BOOKTITLE = {Proceedings {S}eventh {W}orkshop on {I}ntersection {T}ypes and
              {R}elated {S}ystems},
    SERIES = {Electron. Proc. Theor. Comput. Sci. (EPTCS)},
    VOLUME = {177},
     PAGES = {1--9},
 PUBLISHER = {EPTCS, [place of publication not identified]},
      YEAR = {2015},
   MRCLASS = {03B40 (03C07)},
  MRNUMBER = {3611969},
}
		
@incollection {MR3330753,
    AUTHOR = {Gunther, William and Statman, Richard},
     TITLE = {Reflections on a theorem of {H}enkin},
 BOOKTITLE = {The life and work of {L}eon {H}enkin},
    SERIES = {Stud. Univers. Log.},
     PAGES = {203--216},
 PUBLISHER = {Birkh\"{a}user/Springer, Cham},
      YEAR = {2014},
   MRCLASS = {03B40 (03B15 03C40)},
  MRNUMBER = {3330753},
MRREVIEWER = {Mauricio Ayala-Rinc\'{o}n},
}
		
@incollection {MR3297597,
    AUTHOR = {Statman, Rick},
     TITLE = {Near semi-rings and lambda calculus},
 BOOKTITLE = {Rewriting and typed lambda calculi},
    SERIES = {Lecture Notes in Comput. Sci.},
    VOLUME = {8560},
     PAGES = {410--424},
 PUBLISHER = {Springer, Cham},
      YEAR = {2014},
   MRCLASS = {03B40 (68N18)},
  MRNUMBER = {3297597},
       DOI = {10.1007/978-3-319-08918-8_28},
       URL = {https://doi-org.colorado.idm.oclc.org/10.1007/978-3-319-08918-8_28},
}
		
@article {MR3207461,
    AUTHOR = {Statman, Rick},
     TITLE = {On polymorphic types of untyped terms},
   JOURNAL = {J. Comput. System Sci.},
  FJOURNAL = {Journal of Computer and System Sciences},
    VOLUME = {80},
      YEAR = {2014},
    NUMBER = {6},
     PAGES = {1163--1173},
      ISSN = {0022-0000},
   MRCLASS = {03B40},
  MRNUMBER = {3207461},
       DOI = {10.1016/j.jcss.2014.04.008},
       URL = {https://doi-org.colorado.idm.oclc.org/10.1016/j.jcss.2014.04.008},
}
		
@book {MR3114769,
    AUTHOR = {Barendregt, Henk and Dekkers, Wil and Statman, Richard},
     TITLE = {Lambda calculus with types},
    SERIES = {Perspectives in Logic},
      NOTE = {With contributions from Fabio Alessi, Marc Bezem, Felice
              Cardone, Mario Coppo, Mariangiola Dezani-Ciancaglini, Gilles
              Dowek, Silvia Ghilezan, Furio Honsell, Michael Moortgat, Paula
              Severi and Pawe\l  Urzyczyn},
 PUBLISHER = {Association for Symbolic Logic, Ithaca, NY; Cambridge
              University Press, Cambridge},
      YEAR = {2013},
     PAGES = {xxii+833},
      ISBN = {978-0-521-766-142},
   MRCLASS = {03-02 (03B15 03B40 68N18)},
  MRNUMBER = {3114769},
MRREVIEWER = {Fairouz D. Kamareddine},
       DOI = {10.1017/CBO9781139032636},
       URL = {https://doi-org.colorado.idm.oclc.org/10.1017/CBO9781139032636},
}
		
@incollection {MR3111766,
    AUTHOR = {Statman, Rick},
     TITLE = {A new type assignment for strongly normalizable terms},
 BOOKTITLE = {Computer science logic 2013},
    SERIES = {LIPIcs. Leibniz Int. Proc. Inform.},
    VOLUME = {23},
     PAGES = {634--652},
 PUBLISHER = {Schloss Dagstuhl. Leibniz-Zent. Inform., Wadern},
      YEAR = {2013},
   MRCLASS = {03B40},
  MRNUMBER = {3111766},
}
		
@article {MR2895545,
    AUTHOR = {Intrigila, Benedetto and Statman, Richard},
     TITLE = {Solution to the range problem for combinatory logic},
   JOURNAL = {Fund. Inform.},
  FJOURNAL = {Fundamenta Informaticae},
    VOLUME = {111},
      YEAR = {2011},
    NUMBER = {2},
     PAGES = {203--222},
      ISSN = {0169-2968},
   MRCLASS = {03B40},
  MRNUMBER = {2895545},
MRREVIEWER = {Luca Paolini},
}
		
@incollection {MR2818298,
    AUTHOR = {Statman, Rick},
     TITLE = {On polymorphic types of untyped terms},
 BOOKTITLE = {Logic, language, information and computation},
    SERIES = {Lecture Notes in Comput. Sci.},
    VOLUME = {6642},
     PAGES = {239--256},
 PUBLISHER = {Springer, Heidelberg},
      YEAR = {2011},
   MRCLASS = {03B40},
  MRNUMBER = {2818298},
MRREVIEWER = {Lu\'{i}s Cruz-Filipe},
       DOI = {10.1007/978-3-642-20920-8_24},
       URL = {https://doi-org.colorado.idm.oclc.org/10.1007/978-3-642-20920-8_24},
}
		
@inproceedings {MR2909668,
    AUTHOR = {Statman, Rick},
     TITLE = {Cartesian monoids},
 BOOKTITLE = {Proceedings of the 26th {C}onference on the {M}athematical
              {F}oundations of {P}rogramming {S}emantics ({MFPS} 2010)},
    SERIES = {Electron. Notes Theor. Comput. Sci.},
    VOLUME = {265},
     PAGES = {437--451},
 PUBLISHER = {Elsevier Sci. B. V., Amsterdam},
      YEAR = {2010},
   MRCLASS = {Expansion},
  MRNUMBER = {2909668},
       DOI = {10.1016/j.entcs.2010.08.026},
       URL = {https://doi-org.colorado.idm.oclc.org/10.1016/j.entcs.2010.08.026},
}
		
@article {MR2771227,
    AUTHOR = {Intrigila, Benedetto and Statman, Richard},
     TITLE = {The omega rule is {$\Pi^1_1$}-complete in the
              {$\lambda\beta$}-calculus [reprint of MR2501440]},
   JOURNAL = {Log. Methods Comput. Sci.},
  FJOURNAL = {Logical Methods in Computer Science},
      YEAR = {2009},
    NUMBER = {Special issue: Selected papers of the conference ``Typed
              Lambda Calculi and Applications 2007''},
     PAGES = {2:6, 21},
      ISSN = {1860-5974},
   MRCLASS = {03B40 (68N18)},
  MRNUMBER = {2771227},
}
		
@article {MR2501440,
    AUTHOR = {Intrigila, Benedetto and Statman, Richard},
     TITLE = {The omega rule is {$\Pi^1_1$}-complete in the
              {$\lambda\beta$}-calculus},
   JOURNAL = {Log. Methods Comput. Sci.},
  FJOURNAL = {Logical Methods in Computer Science},
    VOLUME = {5},
      YEAR = {2009},
    NUMBER = {2},
     PAGES = {2:6, 21},
      ISSN = {1860-5974},
   MRCLASS = {03B40 (68N18)},
  MRNUMBER = {2501440},
MRREVIEWER = {Stefano Berardi},
       DOI = {10.2168/LMCS-5(2:6)2009},
       URL = {https://doi-org.colorado.idm.oclc.org/10.2168/LMCS-5(2:6)2009},
}
		
@incollection {MR2387216,
    AUTHOR = {Intrigila, Benedetto and Statman, Richard},
     TITLE = {The omega rule is {$\Pi^1_1$}-complete in the
              {$\lambda\beta$}-calculus},
 BOOKTITLE = {Typed lambda calculi and applications},
    SERIES = {Lecture Notes in Comput. Sci.},
    VOLUME = {4583},
     PAGES = {178--193},
 PUBLISHER = {Springer, Berlin},
      YEAR = {2007},
   MRCLASS = {03B40 (03B35)},
  MRNUMBER = {2387216},
       DOI = {10.1007/978-3-540-73228-0_14},
       URL = {https://doi-org.colorado.idm.oclc.org/10.1007/978-3-540-73228-0_14},
}
		
@article {MR2371200,
    AUTHOR = {Statman, Rick},
     TITLE = {On the complexity of alpha conversion},
   JOURNAL = {J. Symbolic Logic},
  FJOURNAL = {The Journal of Symbolic Logic},
    VOLUME = {72},
      YEAR = {2007},
    NUMBER = {4},
     PAGES = {1197--1203},
      ISSN = {0022-4812},
   MRCLASS = {03B40},
  MRNUMBER = {2371200},
MRREVIEWER = {Martin W. Bunder},
       DOI = {10.2178/jsl/1203350781},
       URL = {https://doi-org.colorado.idm.oclc.org/10.2178/jsl/1203350781},
}
		
@article {MR2295782,
    AUTHOR = {Intrigila, Benedetto and Statman, Richard},
     TITLE = {Solution of a problem of {B}arendregt on sensible
              {$\lambda$}-theories},
   JOURNAL = {Log. Methods Comput. Sci.},
  FJOURNAL = {Logical Methods in Computer Science},
    VOLUME = {2},
      YEAR = {2006},
    NUMBER = {4},
     PAGES = {4:5, 17},
      ISSN = {1860-5974},
   MRCLASS = {03B40 (68N18)},
  MRNUMBER = {2295782},
       DOI = {10.2168/LMCS-2(4:5)2006},
       URL = {https://doi-org.colorado.idm.oclc.org/10.2168/LMCS-2(4:5)2006},
}
		
@incollection {MR2215403,
    AUTHOR = {Statman, Rick},
     TITLE = {Two variables are not enough},
 BOOKTITLE = {Theoretical computer science},
    SERIES = {Lecture Notes in Comput. Sci.},
    VOLUME = {3701},
     PAGES = {406--409},
 PUBLISHER = {Springer, Berlin},
      YEAR = {2005},
   MRCLASS = {03B40 (68N18)},
  MRNUMBER = {2215403},
       DOI = {10.1007/11560586_32},
       URL = {https://doi-org.colorado.idm.oclc.org/10.1007/11560586_32},
}
		
@article {MR2110821,
    AUTHOR = {Intrigila, Benedetto and Statman, Richard},
     TITLE = {Some results on extensionality in lambda calculus},
   JOURNAL = {Ann. Pure Appl. Logic},
  FJOURNAL = {Annals of Pure and Applied Logic},
    VOLUME = {132},
      YEAR = {2005},
    NUMBER = {2-3},
     PAGES = {109--125},
      ISSN = {0168-0072},
   MRCLASS = {03B40},
  MRNUMBER = {2110821},
MRREVIEWER = {Henk Barendregt},
       DOI = {10.1016/j.apal.2003.05.001},
       URL = {https://doi-org.colorado.idm.oclc.org/10.1016/j.apal.2003.05.001},
}
		
@article {MR2092855,
    AUTHOR = {Statman, Rick},
     TITLE = {On the {$\lambda Y$} calculus},
   JOURNAL = {Ann. Pure Appl. Logic},
  FJOURNAL = {Annals of Pure and Applied Logic},
    VOLUME = {130},
      YEAR = {2004},
    NUMBER = {1-3},
     PAGES = {325--337},
      ISSN = {0168-0072},
   MRCLASS = {03B40 (03B25 68N18)},
  MRNUMBER = {2092855},
       DOI = {10.1016/j.apal.2004.04.004},
       URL = {https://doi-org.colorado.idm.oclc.org/10.1016/j.apal.2004.04.004},
}
		
@article {MR1852530,
    AUTHOR = {Statman, Rick},
     TITLE = {Marginalia to a theorem of {J}acopini},
      NOTE = {Typed lambda calculi and applications (L'Aquila, 1999)},
   JOURNAL = {Fund. Inform.},
  FJOURNAL = {Fundamenta Informaticae},
    VOLUME = {45},
      YEAR = {2001},
    NUMBER = {1-2},
     PAGES = {117--121},
      ISSN = {0169-2968},
   MRCLASS = {03B40 (68N18)},
  MRNUMBER = {1852530},
}
		
@incollection {MR1850697,
    AUTHOR = {Statman, Rick},
     TITLE = {Church's lambda delta calculus},
 BOOKTITLE = {Logic for programming and automated reasoning ({R}eunion
              {I}sland, 2000)},
    SERIES = {Lecture Notes in Comput. Sci.},
    VOLUME = {1955},
     PAGES = {293--307},
 PUBLISHER = {Springer, Berlin},
      YEAR = {2000},
   MRCLASS = {03B40 (68N18)},
  MRNUMBER = {1850697},
MRREVIEWER = {Henk Barendregt},
       DOI = {10.1007/3-540-44404-1_19},
       URL = {https://doi-org.colorado.idm.oclc.org/10.1007/3-540-44404-1_19},
}
		
@article {MR1728617,
    AUTHOR = {Statman, Richard and Barendregt, Henk},
     TITLE = {Applications of {P}lotkin-terms: partitions and morphisms for
              closed terms},
   JOURNAL = {J. Funct. Programming},
  FJOURNAL = {Journal of Functional Programming},
    VOLUME = {9},
      YEAR = {1999},
    NUMBER = {5},
     PAGES = {565--575},
      ISSN = {0956-7968},
   MRCLASS = {03B40 (68N18)},
  MRNUMBER = {1728617},
       DOI = {10.1017/S0956796899003548},
       URL = {https://doi-org.colorado.idm.oclc.org/10.1017/S0956796899003548},
}
		
@incollection {MR1723975,
    AUTHOR = {Statman, Rick},
     TITLE = {Consequences of {J}acopini's theorem: consistent equalities
              and equations},
 BOOKTITLE = {Typed lambda calculi and applications ({L}'{A}quila, 1999)},
    SERIES = {Lecture Notes in Comput. Sci.},
    VOLUME = {1581},
     PAGES = {355--364},
 PUBLISHER = {Springer, Berlin},
      YEAR = {1999},
   MRCLASS = {03B40},
  MRNUMBER = {1723975},
       DOI = {10.1007/3-540-48959-2_25},
       URL = {https://doi-org.colorado.idm.oclc.org/10.1007/3-540-48959-2_25},
}
		
@article {MR1719553,
    AUTHOR = {Statman, Rick},
     TITLE = {On the existence of {$n$} but not {$n+1$} easy combinators},
      NOTE = {Lambda-calculus and logic},
   JOURNAL = {Math. Structures Comput. Sci.},
  FJOURNAL = {Mathematical Structures in Computer Science. A Journal in the
              Applications of Categorical, Algebraic and Geometric Methods
              in Computer Science},
    VOLUME = {9},
      YEAR = {1999},
    NUMBER = {4},
     PAGES = {361--365},
      ISSN = {0960-1295},
   MRCLASS = {03B40 (05C99)},
  MRNUMBER = {1719553},
       DOI = {10.1017/S0960129598002825},
       URL = {https://doi-org.colorado.idm.oclc.org/10.1017/S0960129598002825},
}
		
@incollection {MR1717500,
    AUTHOR = {Statman, Rick},
     TITLE = {Morphisms and partitions of {$V$}-sets},
 BOOKTITLE = {Computer science logic ({B}rno, 1998)},
    SERIES = {Lecture Notes in Comput. Sci.},
    VOLUME = {1584},
     PAGES = {313--322},
 PUBLISHER = {Springer, Berlin},
      YEAR = {1999},
   MRCLASS = {03B40 (03D20 68N18)},
  MRNUMBER = {1717500},
       DOI = {10.1007/10703163_21},
       URL = {https://doi-org.colorado.idm.oclc.org/10.1007/10703163_21},
}
		
@incollection {MR1611514,
    AUTHOR = {Statman, Rick},
     TITLE = {On {C}artesian monoids},
 BOOKTITLE = {Computer science logic ({U}trecht, 1996)},
    SERIES = {Lecture Notes in Comput. Sci.},
    VOLUME = {1258},
     PAGES = {446--459},
 PUBLISHER = {Springer, Berlin},
      YEAR = {1997},
   MRCLASS = {03B40},
  MRNUMBER = {1611514},
       DOI = {10.1007/3-540-63172-0_55},
       URL = {https://doi-org.colorado.idm.oclc.org/10.1007/3-540-63172-0_55},
}
		
@incollection {MR1603945,
    AUTHOR = {Statman, Rick},
     TITLE = {Effective reduction and conversion strategies for combinators},
 BOOKTITLE = {Rewriting techniques and applications ({S}itges, 1997)},
    SERIES = {Lecture Notes in Comput. Sci.},
    VOLUME = {1232},
     PAGES = {299--307},
 PUBLISHER = {Springer, Berlin},
      YEAR = {1997},
   MRCLASS = {03B40 (68Q42)},
  MRNUMBER = {1603945},
       DOI = {10.1007/3-540-62950-5_79},
       URL = {https://doi-org.colorado.idm.oclc.org/10.1007/3-540-62950-5_79},
}
		
@article {MR1464118,
    AUTHOR = {Narendran, Paliath and Pfenning, Frank and Statman, Richard},
     TITLE = {On the unification problem for {C}artesian closed categories},
   JOURNAL = {J. Symbolic Logic},
  FJOURNAL = {The Journal of Symbolic Logic},
    VOLUME = {62},
      YEAR = {1997},
    NUMBER = {2},
     PAGES = {636--647},
      ISSN = {0022-4812},
   MRCLASS = {68Q55 (03D15 03D35)},
  MRNUMBER = {1464118},
       DOI = {10.2307/2275552},
       URL = {https://doi-org.colorado.idm.oclc.org/10.2307/2275552},
}
		
@article {MR1249551,
    AUTHOR = {Statman, Rick},
     TITLE = {Some examples of nonexistent combinators},
      NOTE = {A collection of contributions in honour of Corrado B\"{o}hm on the
              occasion of his 70th birthday},
   JOURNAL = {Theoret. Comput. Sci.},
  FJOURNAL = {Theoretical Computer Science},
    VOLUME = {121},
      YEAR = {1993},
    NUMBER = {1-2},
     PAGES = {441--448},
      ISSN = {0304-3975},
   MRCLASS = {03B40},
  MRNUMBER = {1249551},
MRREVIEWER = {Mariangiola Dezani-Ciancaglini},
       DOI = {10.1016/0304-3975(93)90096-C},
       URL = {https://doi-org.colorado.idm.oclc.org/10.1016/0304-3975(93)90096-C},
}
		
@incollection {MR1236023,
    AUTHOR = {Statman, Rick},
     TITLE = {Normal varieties of combinators},
 BOOKTITLE = {Logic from computer science ({B}erkeley, {CA}, 1989)},
    SERIES = {Math. Sci. Res. Inst. Publ.},
    VOLUME = {21},
     PAGES = {585--596},
 PUBLISHER = {Springer, New York},
      YEAR = {1992},
   MRCLASS = {03B40},
  MRNUMBER = {1236023},
MRREVIEWER = {Chantal Berline},
       DOI = {10.1007/978-1-4612-2822-6_21},
       URL = {https://doi-org.colorado.idm.oclc.org/10.1007/978-1-4612-2822-6_21},
}
		
@article {MR1168769,
    AUTHOR = {Zhang, Kaizhong and Statman, Rick and Shasha, Dennis},
     TITLE = {On the editing distance between unordered labeled trees},
   JOURNAL = {Inform. Process. Lett.},
  FJOURNAL = {Information Processing Letters},
    VOLUME = {42},
      YEAR = {1992},
    NUMBER = {3},
     PAGES = {133--139},
      ISSN = {0020-0190},
   MRCLASS = {68R05 (68R10)},
  MRNUMBER = {1168769},
       DOI = {10.1016/0020-0190(92)90136-J},
       URL = {https://doi-org.colorado.idm.oclc.org/10.1016/0020-0190(92)90136-J},
}
		
@incollection {MR1057827,
    AUTHOR = {Statman, Rick},
     TITLE = {Some models of {S}cott's theory {${\rm LCF}$} based on a
              notion of rate of convergence},
 BOOKTITLE = {Logic and computation ({P}ittsburgh, {PA}, 1987)},
    SERIES = {Contemp. Math.},
    VOLUME = {106},
     PAGES = {263--280},
 PUBLISHER = {Amer. Math. Soc., Providence, RI},
      YEAR = {1990},
   MRCLASS = {03B35 (03B40 68Q55 68T15)},
  MRNUMBER = {1057827},
MRREVIEWER = {Fangmin Song},
       DOI = {10.1090/conm/106/1057827},
       URL = {https://doi-org.colorado.idm.oclc.org/10.1090/conm/106/1057827},
}
		
@inproceedings {MR1109739,
    AUTHOR = {Cherniavsky, John C. and Velauthapillai, Mahendran and
              Statman, Richard},
     TITLE = {Inductive inference: an abstract approach},
 BOOKTITLE = {Proceedings of the 1988 {W}orkshop on {C}omputational
              {L}earning {T}heory ({C}ambridge, {MA}, 1988)},
     PAGES = {251--266},
 PUBLISHER = {Morgan Kaufmann, San Mateo, CA},
      YEAR = {1989},
   MRCLASS = {03D20 (68T05)},
  MRNUMBER = {1109739},
}
		
@article {MR1018847,
    AUTHOR = {Statman, Rick},
     TITLE = {On sets of solutions to combinator equations},
   JOURNAL = {Theoret. Comput. Sci.},
  FJOURNAL = {Theoretical Computer Science},
    VOLUME = {66},
      YEAR = {1989},
    NUMBER = {1},
     PAGES = {99--104},
      ISSN = {0304-3975},
   MRCLASS = {03B40},
  MRNUMBER = {1018847},
MRREVIEWER = {Martin W. Bunder},
       DOI = {10.1016/0304-3975(89)90148-5},
       URL = {https://doi-org.colorado.idm.oclc.org/10.1016/0304-3975(89)90148-5},
}
		
@article {MR989049,
    AUTHOR = {Statman, Rick},
     TITLE = {The word problem for {S}mullyan's lark combinator is
              decidable},
   JOURNAL = {J. Symbolic Comput.},
  FJOURNAL = {Journal of Symbolic Computation},
    VOLUME = {7},
      YEAR = {1989},
    NUMBER = {2},
     PAGES = {103--112},
      ISSN = {0747-7171},
   MRCLASS = {03B40 (03B25)},
  MRNUMBER = {989049},
MRREVIEWER = {R. Hindley},
       DOI = {10.1016/S0747-7171(89)80044-6},
       URL = {https://doi-org.colorado.idm.oclc.org/10.1016/S0747-7171(89)80044-6},
}
		
@article {MR982852,
    AUTHOR = {Furst, Merrick L. and Gross, Jonathan L. and Statman, Richard},
     TITLE = {Genus distributions for two first classes of graphs},
   JOURNAL = {J. Combin. Theory Ser. B},
  FJOURNAL = {Journal of Combinatorial Theory. Series B},
    VOLUME = {46},
      YEAR = {1989},
    NUMBER = {1},
     PAGES = {22--36},
      ISSN = {0095-8956},
   MRCLASS = {05C30 (05C10)},
  MRNUMBER = {982852},
MRREVIEWER = {Saul Stahl},
       DOI = {10.1016/0095-8956(89)90004-X},
       URL = {https://doi-org.colorado.idm.oclc.org/10.1016/0095-8956(89)90004-X},
}
		
@article {MR962124,
    AUTHOR = {Saks, Michael and Statman, Rick},
     TITLE = {An intersection problem for finite automata},
   JOURNAL = {Discrete Appl. Math.},
  FJOURNAL = {Discrete Applied Mathematics. The Journal of Combinatorial
              Algorithms, Informatics and Computational Sciences},
    VOLUME = {21},
      YEAR = {1988},
    NUMBER = {3},
     PAGES = {245--255},
      ISSN = {0166-218X},
   MRCLASS = {68Q05 (03B40 03D05)},
  MRNUMBER = {962124},
       DOI = {10.1016/0166-218X(88)90070-4},
       URL = {https://doi-org.colorado.idm.oclc.org/10.1016/0166-218X(88)90070-4},
}
		
@incollection {MR930689,
    AUTHOR = {Statman, Richard},
     TITLE = {A note on the complexity of synthesizing finite machines},
 BOOKTITLE = {Mathematical logic and theoretical computer science ({C}ollege
              {P}ark, {M}d., 1984--1985)},
    SERIES = {Lecture Notes in Pure and Appl. Math.},
    VOLUME = {106},
     PAGES = {373--378},
 PUBLISHER = {Dekker, New York},
      YEAR = {1987},
   MRCLASS = {03D05 (03D15 68Q05)},
  MRNUMBER = {930689},
MRREVIEWER = {Gerhard Lischke},
}
		
@article {MR889661,
    AUTHOR = {Statman, Rick},
     TITLE = {Every countable poset is embeddable in the poset of unsolvable
              terms},
   JOURNAL = {Theoret. Comput. Sci.},
  FJOURNAL = {Theoretical Computer Science},
    VOLUME = {48},
      YEAR = {1986},
    NUMBER = {1},
     PAGES = {95--100},
      ISSN = {0304-3975},
   MRCLASS = {03B40},
  MRNUMBER = {889661},
MRREVIEWER = {Mariangiola Dezani-Ciancaglini},
       DOI = {10.1016/0304-3975(86)90085-X},
       URL = {https://doi-org.colorado.idm.oclc.org/10.1016/0304-3975(86)90085-X},
}
		
@article {MR855975,
    AUTHOR = {Pasztor, Ana and Statman, Rick},
     TITLE = {Scott induction and closure under {$\omega$}-sups},
   JOURNAL = {Theoret. Comput. Sci.},
  FJOURNAL = {Theoretical Computer Science},
    VOLUME = {43},
      YEAR = {1986},
    NUMBER = {2-3},
     PAGES = {251--263},
      ISSN = {0304-3975},
   MRCLASS = {68Q55 (03B70 06B35 68Q05)},
  MRNUMBER = {855975},
MRREVIEWER = {Evelyn Nelson},
       DOI = {10.1016/0304-3975(86)90179-9},
       URL = {https://doi-org.colorado.idm.oclc.org/10.1016/0304-3975(86)90179-9},
}
		
@article {MR819647,
    AUTHOR = {Statman, Richard},
     TITLE = {Solving functional equations at higher types: some examples
              and some theorems},
   JOURNAL = {Notre Dame J. Formal Logic},
  FJOURNAL = {Notre Dame Journal of Formal Logic},
    VOLUME = {27},
      YEAR = {1986},
    NUMBER = {1},
     PAGES = {66--74},
      ISSN = {0029-4527},
   MRCLASS = {03B40},
  MRNUMBER = {819647},
MRREVIEWER = {G. E. Mints},
       DOI = {10.1305/ndjfl/1093636524},
       URL = {https://doi-org.colorado.idm.oclc.org/10.1305/ndjfl/1093636524},
}
		
@incollection {MR835265,
    AUTHOR = {Statman, R.},
     TITLE = {Equality between functionals revisited},
 BOOKTITLE = {Harvey {F}riedman's research on the foundations of
              mathematics},
    SERIES = {Stud. Logic Found. Math.},
    VOLUME = {117},
     PAGES = {331--338},
 PUBLISHER = {North-Holland, Amsterdam},
      YEAR = {1985},
   MRCLASS = {03B40},
  MRNUMBER = {835265},
       DOI = {10.1016/S0049-237X(09)70166-1},
       URL = {https://doi-org.colorado.idm.oclc.org/10.1016/S0049-237X(09)70166-1},
}
		
@article {MR818846,
    AUTHOR = {Statman, R.},
     TITLE = {Logical relations and the typed {$\lambda$}-calculus},
   JOURNAL = {Inform. and Control},
  FJOURNAL = {Information and Control},
    VOLUME = {65},
      YEAR = {1985},
    NUMBER = {2-3},
     PAGES = {85--97},
      ISSN = {0019-9958},
   MRCLASS = {03B40},
  MRNUMBER = {818846},
MRREVIEWER = {A. S. Kuzichev},
       DOI = {10.1016/S0019-9958(85)80001-2},
       URL = {https://doi-org.colorado.idm.oclc.org/10.1016/S0019-9958(85)80001-2},
}
		
@article {MR821384,
    AUTHOR = {Beeri, Catriel and Dowd, Martin and Fagin, Ronald and Statman,
              Richard},
     TITLE = {On the structure of {A}rmstrong relations for functional
              dependencies},
   JOURNAL = {J. Assoc. Comput. Mach.},
  FJOURNAL = {Journal of the Association for Computing Machinery},
    VOLUME = {31},
      YEAR = {1984},
    NUMBER = {1},
     PAGES = {30--46},
      ISSN = {0004-5411},
   MRCLASS = {68P15},
  MRNUMBER = {821384},
       DOI = {10.1145/2422.322414},
       URL = {https://doi-org.colorado.idm.oclc.org/10.1145/2422.322414},
}
		
@article {MR710361,
    AUTHOR = {Statman, R.},
     TITLE = {{$\lambda $}-definable functionals and {$\beta \eta $}
              conversion},
   JOURNAL = {Arch. Math. Logik Grundlag.},
  FJOURNAL = {Archiv f\"{u}r Mathematische Logik und Grundlagenforschung},
    VOLUME = {23},
      YEAR = {1983},
    NUMBER = {1-2},
     PAGES = {21--26},
      ISSN = {0003-9268},
   MRCLASS = {03B40},
  MRNUMBER = {710361},
MRREVIEWER = {A. S. Kuzichev},
       DOI = {10.1007/BF02023009},
       URL = {https://doi-org.colorado.idm.oclc.org/10.1007/BF02023009},
}
		
@article {MR684255,
    AUTHOR = {Lewis, Harry R. and Statman, Richard},
     TITLE = {Unifiability is complete for co-{NL}og{S}pace},
   JOURNAL = {Inform. Process. Lett.},
  FJOURNAL = {Information Processing Letters},
    VOLUME = {15},
      YEAR = {1982},
    NUMBER = {5},
     PAGES = {220--222},
      ISSN = {0020-0190},
   MRCLASS = {68C25 (68E10)},
  MRNUMBER = {684255},
       DOI = {10.1016/0020-0190(82)90121-1},
       URL = {https://doi-org.colorado.idm.oclc.org/10.1016/0020-0190(82)90121-1},
}
		
@article {MR679598,
    AUTHOR = {Statman, Richard},
     TITLE = {Topological subgraphs of cubic graphs and a theorem of
              {D}irac},
   JOURNAL = {J. Graph Theory},
  FJOURNAL = {Journal of Graph Theory},
    VOLUME = {6},
      YEAR = {1982},
    NUMBER = {4},
     PAGES = {419--427},
      ISSN = {0364-9024},
   MRCLASS = {05C10 (05C40 68C25)},
  MRNUMBER = {679598},
MRREVIEWER = {J.-L. Fouquet},
       DOI = {10.1002/jgt.3190060406},
       URL = {https://doi-org.colorado.idm.oclc.org/10.1002/jgt.3190060406},
}
		
@article {MR666272,
    AUTHOR = {Harary, F. and Plantholt, M. and Statman, R.},
     TITLE = {The graph isomorphism problem is polynomially equivalent to
              the legitimate deck problem for regular graphs},
   JOURNAL = {Caribbean J. Math.},
  FJOURNAL = {Caribbean Journal of Mathematics},
    VOLUME = {1},
      YEAR = {1982},
    NUMBER = {1},
     PAGES = {15--23},
      ISSN = {0253-3405},
   MRCLASS = {05C60 (68C25 68E10)},
  MRNUMBER = {666272},
MRREVIEWER = {B. Manvel},
}
		
@article {MR644749,
    AUTHOR = {Statman, R.},
     TITLE = {Completeness, invariance and {$\lambda $}-definability},
   JOURNAL = {J. Symbolic Logic},
  FJOURNAL = {The Journal of Symbolic Logic},
    VOLUME = {47},
      YEAR = {1982},
    NUMBER = {1},
     PAGES = {17--26},
      ISSN = {0022-4812},
   MRCLASS = {03B40 (03D65)},
  MRNUMBER = {644749},
MRREVIEWER = {M. Coppo},
       DOI = {10.2307/2273377},
       URL = {https://doi-org.colorado.idm.oclc.org/10.2307/2273377},
}
		
@article {MR632403,
    AUTHOR = {Statman, R.},
     TITLE = {On the existence of closed terms in the typed {$\lambda $}
              calculus. {II}. {T}ransformations of unification problems},
   JOURNAL = {Theoret. Comput. Sci.},
  FJOURNAL = {Theoretical Computer Science},
    VOLUME = {15},
      YEAR = {1981},
    NUMBER = {3},
     PAGES = {329--338},
      ISSN = {0304-3975},
   MRCLASS = {03B40 (68C25)},
  MRNUMBER = {632403},
MRREVIEWER = {J. P. Seldin},
       DOI = {10.1016/0304-3975(81)90086-4},
       URL = {https://doi-org.colorado.idm.oclc.org/10.1016/0304-3975(81)90086-4},
}
		
@article {MR621897,
    AUTHOR = {Statman, R.},
     TITLE = {Reductions of the graph reconstruction conjecture},
   JOURNAL = {Discrete Math.},
  FJOURNAL = {Discrete Mathematics},
    VOLUME = {36},
      YEAR = {1981},
    NUMBER = {1},
     PAGES = {103--107},
      ISSN = {0012-365X},
   MRCLASS = {05C60 (05C05 05C25)},
  MRNUMBER = {621897},
MRREVIEWER = {B. Manvel},
       DOI = {10.1016/0012-365X(81)90177-1},
       URL = {https://doi-org.colorado.idm.oclc.org/10.1016/0012-365X(81)90177-1},
}
		
@article {MR597664,
    AUTHOR = {Statman, R.},
     TITLE = {Speed-up by theories with infinite models},
   JOURNAL = {Proc. Amer. Math. Soc.},
  FJOURNAL = {Proceedings of the American Mathematical Society},
    VOLUME = {81},
      YEAR = {1981},
    NUMBER = {3},
     PAGES = {465--469},
      ISSN = {0002-9939},
   MRCLASS = {03F20},
  MRNUMBER = {597664},
MRREVIEWER = {M. M. Richter},
       DOI = {10.2307/2043488},
       URL = {https://doi-org.colorado.idm.oclc.org/10.2307/2043488},
}
		
@incollection {MR592819,
    AUTHOR = {Statman, Richard},
     TITLE = {On the existence of closed terms in the typed {$\lambda
              $}-calculus. {I}},
 BOOKTITLE = {To {H}. {B}. {C}urry: essays on combinatory logic, lambda
              calculus and formalism},
     PAGES = {511--534},
 PUBLISHER = {Academic Press, London-New York},
      YEAR = {1980},
   MRCLASS = {03B40 (68C25)},
  MRNUMBER = {592819},
MRREVIEWER = {J. P. Seldin},
}
		
@article {MR582554,
    AUTHOR = {Statman, Richard},
     TITLE = {Solution to a problem of {C}hang and {L}ee},
   JOURNAL = {Notre Dame J. Formal Logic},
  FJOURNAL = {Notre Dame Journal of Formal Logic},
    VOLUME = {21},
      YEAR = {1980},
    NUMBER = {3},
     PAGES = {518--520},
      ISSN = {0029-4527},
   MRCLASS = {03B35 (68G15)},
  MRNUMBER = {582554},
       URL = {http://projecteuclid.org.colorado.idm.oclc.org/euclid.ndjfl/1093883175},
}
		
@article {MR557829,
    AUTHOR = {Statman, R.},
     TITLE = {Worst case exponential lower bounds for input resolution with
              paramodulation},
   JOURNAL = {SIAM J. Comput.},
  FJOURNAL = {SIAM Journal on Computing},
    VOLUME = {9},
      YEAR = {1980},
    NUMBER = {1},
     PAGES = {104--110},
      ISSN = {0097-5397},
   MRCLASS = {68G15 (68C25)},
  MRNUMBER = {557829},
MRREVIEWER = {G. E. Peterson},
       DOI = {10.1137/0209008},
       URL = {https://doi-org.colorado.idm.oclc.org/10.1137/0209008},
}
		
@incollection {MR576046,
    AUTHOR = {Gourlay, John S. and Rounds, William C. and Statman, Richard},
     TITLE = {On properties preserved by contractions of concurrent systems},
 BOOKTITLE = {Semantics of concurrent computation ({P}roc. {I}nternat.
              {S}ympos., {E}vian, 1979)},
    SERIES = {Lecture Notes in Comput. Sci.},
    VOLUME = {70},
     PAGES = {51--65},
 PUBLISHER = {Springer, Berlin-New York},
      YEAR = {1979},
   MRCLASS = {68B05},
  MRNUMBER = {576046},
}
		
@incollection {MR546433,
    AUTHOR = {van Dalen, D. and Statman, R.},
     TITLE = {Equality in the presence of apartness},
 BOOKTITLE = {Essays on mathematical and philosophical logic ({P}roc.
              {F}ourth {S}candinavian {L}ogic {S}ympos. and {F}irst
              {S}oviet-{F}innish {L}ogic {C}onf., {J}yv\"{a}skyl\"{a}, 1976)},
    SERIES = {Synthese Library},
    VOLUME = {122},
     PAGES = {95--116},
 PUBLISHER = {Reidel, Dordrecht-Boston, Mass.},
      YEAR = {1979},
   MRCLASS = {03F50 (03F05)},
  MRNUMBER = {546433},
MRREVIEWER = {C. Smory\'{n}ski},
}
		
@article {MR535125,
    AUTHOR = {Statman, Richard},
     TITLE = {The typed {$\lambda $}-calculus is not elementary recursive},
   JOURNAL = {Theoret. Comput. Sci.},
  FJOURNAL = {Theoretical Computer Science},
    VOLUME = {9},
      YEAR = {1979},
    NUMBER = {1},
     PAGES = {73--81},
      ISSN = {0304-3975},
   MRCLASS = {68C25},
  MRNUMBER = {535125},
       DOI = {10.1016/0304-3975(79)90007-0},
       URL = {https://doi-org.colorado.idm.oclc.org/10.1016/0304-3975(79)90007-0},
}
		
@article {MR535124,
    AUTHOR = {Statman, Richard},
     TITLE = {Intuitionistic propositional logic is polynomial-space
              complete},
   JOURNAL = {Theoret. Comput. Sci.},
  FJOURNAL = {Theoretical Computer Science},
    VOLUME = {9},
      YEAR = {1979},
    NUMBER = {1},
     PAGES = {67--72},
      ISSN = {0304-3975},
   MRCLASS = {68C25},
  MRNUMBER = {535124},
MRREVIEWER = {R. E. Ladner},
       DOI = {10.1016/0304-3975(79)90006-9},
       URL = {https://doi-org.colorado.idm.oclc.org/10.1016/0304-3975(79)90006-9},
}
		
@article {MR529224,
    AUTHOR = {Statman, R.},
     TITLE = {Lower bounds on {H}erbrand's theorem},
   JOURNAL = {Proc. Amer. Math. Soc.},
  FJOURNAL = {Proceedings of the American Mathematical Society},
    VOLUME = {75},
      YEAR = {1979},
    NUMBER = {1},
     PAGES = {104--107},
      ISSN = {0002-9939},
   MRCLASS = {03F05 (03F20)},
  MRNUMBER = {529224},
MRREVIEWER = {G. E. Mints},
       DOI = {10.2307/2042682},
       URL = {https://doi-org.colorado.idm.oclc.org/10.2307/2042682},
}
		
@article {MR528658,
    AUTHOR = {Statman, Richard},
     TITLE = {Bounds for proof-search and speed-up in the predicate
              calculus},
   JOURNAL = {Ann. Math. Logic},
  FJOURNAL = {Annals of Mathematical Logic},
    VOLUME = {15},
      YEAR = {1978},
    NUMBER = {3},
     PAGES = {225--287 (1979)},
      ISSN = {0003-4843},
   MRCLASS = {03F20 (68G15)},
  MRNUMBER = {528658},
MRREVIEWER = {M. Yasuhara},
       DOI = {10.1016/0003-4843(78)90011-6},
       URL = {https://doi-org.colorado.idm.oclc.org/10.1016/0003-4843(78)90011-6},
}
		
@incollection {MR3727427,
    AUTHOR = {Statman, Richard},
     TITLE = {Herbrand's theorem and {G}entzen's notion of a direct proof},
 BOOKTITLE = {Handbook of mathematical logic},
    SERIES = {Stud. Logic Found. Math.},
    VOLUME = {90},
     PAGES = {897--912},
 PUBLISHER = {North-Holland, Amsterdam},
      YEAR = {1977},
   MRCLASS = {03F03 (03F07)},
  MRNUMBER = {3727427},
}
		
@article {MR0536638,
    AUTHOR = {Statman, Richard},
     TITLE = {The typed {$\lambda $}-calculus is not elementary recursive},
 BOOKTITLE = {18th {A}nnual {S}ymposium on {F}oundations of {C}omputer
              {S}cience ({P}rovidence, {R}.{I}., 1977)},
     PAGES = {90--94},
 PUBLISHER = {IEEE Comput. Soc., Long Beach, Calif.},
      YEAR = {1977},
   MRCLASS = {02C20 (02C15 02F43 68A20)},
  MRNUMBER = {0536638},
}
		
@article {MR0479969,
    AUTHOR = {Statman, R.},
     TITLE = {Complexity of derivations from quantifier-free {H}orn
              formulae, mechanical introduction of explicit definitions, and
              refinement of completeness theorems},
 BOOKTITLE = {Logic {C}olloquium 76 ({O}xford, 1976)},
     PAGES = {505--518. Studies in Logic and Found. Math., Vol. 87},
 PUBLISHER = {North-Holland, Amsterdam},
      YEAR = {1977},
   MRCLASS = {02D99 (68A20)},
  MRNUMBER = {0479969},
MRREVIEWER = {M. I. Dehtjar},
}
		
