@article {MR3862599,
    AUTHOR = {Nagel, Alexander and Ricci, Fulvio and Stein, Elias M. and
              Wainger, Stephen},
     TITLE = {Algebras of singular integral operators with kernels
              controlled by multiple norms},
   JOURNAL = {Mem. Amer. Math. Soc.},
  FJOURNAL = {Memoirs of the American Mathematical Society},
    VOLUME = {256},
      YEAR = {2018},
    NUMBER = {1230},
     PAGES = {vii+141},
      ISSN = {0065-9266},
      ISBN = {978-1-4704-3438-0; 978-1-4704-4923-0},
   MRCLASS = {42B25 (35S05 35S30 42B20)},
  MRNUMBER = {3862599},
       DOI = {10.1090/memo/1230},
       URL = {https://doi-org.colorado.idm.oclc.org/10.1090/memo/1230},
}
		
@article {MR3777413,
    AUTHOR = {Bourgain, Jean and Mirek, Mariusz and Stein, Elias M. and
              Wr\'{o}bel, B\l a\.{z}ej},
     TITLE = {On dimension-free variational inequalities for averaging
              operators in {$\Bbb R^d$}},
   JOURNAL = {Geom. Funct. Anal.},
  FJOURNAL = {Geometric and Functional Analysis},
    VOLUME = {28},
      YEAR = {2018},
    NUMBER = {1},
     PAGES = {58--99},
      ISSN = {1016-443X},
   MRCLASS = {42B25 (47J20 52A20)},
  MRNUMBER = {3777413},
MRREVIEWER = {Dmitry Ryabogin},
       DOI = {10.1007/s00039-018-0433-3},
       URL = {https://doi-org.colorado.idm.oclc.org/10.1007/s00039-018-0433-3},
}
		
@article {MR3727068,
    AUTHOR = {C\'{o}rdoba, Antonio and Stein, Elias and Tao, Terence and
              Nirenberg, Louis and Kohn, Joseph J. and Chang, Sun-Yung Alice
              and Graham, C. Robin and C\'{o}rdoba, Diego and Klartag, Bo'az and
              Fr\"{o}hlich, J\"{u}rg and Seco, Luis and Weinstein, Michael},
     TITLE = {Ad honorem {C}harles {F}efferman},
   JOURNAL = {Notices Amer. Math. Soc.},
  FJOURNAL = {Notices of the American Mathematical Society},
    VOLUME = {64},
      YEAR = {2017},
    NUMBER = {11},
     PAGES = {1254--1273},
      ISSN = {0002-9920},
   MRCLASS = {01A70},
  MRNUMBER = {3727068},
}
		
@article {MR3714562,
    AUTHOR = {Lanzani, Loredana and Stein, Elias M.},
     TITLE = {The role of an integration identity in the analysis of the
              {C}auchy-{L}eray transform},
   JOURNAL = {Sci. China Math.},
  FJOURNAL = {Science China. Mathematics},
    VOLUME = {60},
      YEAR = {2017},
    NUMBER = {11},
     PAGES = {1923--1936},
      ISSN = {1674-7283},
   MRCLASS = {32A25 (30E20 31A10 31B10 32A26 32A50 32A55 42B20)},
  MRNUMBER = {3714562},
MRREVIEWER = {Hua Liu},
       DOI = {10.1007/s11425-017-9115-5},
       URL = {https://doi-org.colorado.idm.oclc.org/10.1007/s11425-017-9115-5},
}
		
@article {MR3681393,
    AUTHOR = {Mirek, Mariusz and Stein, Elias M. and Trojan, Bartosz},
     TITLE = {{$\ell^p(\Bbb Z^d) $}-estimates for discrete operators of
              {R}adon type: variational estimates},
   JOURNAL = {Invent. Math.},
  FJOURNAL = {Inventiones Mathematicae},
    VOLUME = {209},
      YEAR = {2017},
    NUMBER = {3},
     PAGES = {665--748},
      ISSN = {0020-9910},
   MRCLASS = {42B25 (37A25)},
  MRNUMBER = {3681393},
MRREVIEWER = {Jan-Olav R\"{o}nning},
       DOI = {10.1007/s00222-017-0718-4},
       URL = {https://doi-org.colorado.idm.oclc.org/10.1007/s00222-017-0718-4},
}
		
@article {MR3592690,
    AUTHOR = {Lanzani, Loredana and Stein, Elias M.},
     TITLE = {The {C}auchy-{S}zeg\H{o} projection for domains in {$\Bbb{C}^n$}
              with minimal smoothness},
   JOURNAL = {Duke Math. J.},
  FJOURNAL = {Duke Mathematical Journal},
    VOLUME = {166},
      YEAR = {2017},
    NUMBER = {1},
     PAGES = {125--176},
      ISSN = {0012-7094},
   MRCLASS = {32A25 (30E20 31A10 32A26 32A50 32A55 42B20 46E22)},
  MRNUMBER = {3592690},
MRREVIEWER = {Liwei Chen},
       DOI = {10.1215/00127094-3714757},
       URL = {https://doi-org.colorado.idm.oclc.org/10.1215/00127094-3714757},
}
		
@incollection {MR3627722,
    AUTHOR = {Lanzani, Loredana and Stein, Elias M.},
     TITLE = {Hardy spaces of holomorphic functions for domains in {$\Bbb
              C^n$} with minimal smoothness},
 BOOKTITLE = {Harmonic analysis, partial differential equations, complex
              analysis, {B}anach spaces, and operator theory. {V}ol. 1},
    SERIES = {Assoc. Women Math. Ser.},
    VOLUME = {4},
     PAGES = {179--199},
 PUBLISHER = {Springer, [Cham]},
      YEAR = {2016},
   MRCLASS = {32A35 (30H10 32A26 32A50 32A55 42B35 46E35 94A20)},
  MRNUMBER = {3627722},
MRREVIEWER = {Manfred Stoll},
}
		
@article {MR3250300,
    AUTHOR = {Lanzani, Loredana and Stein, Elias M.},
     TITLE = {The {C}auchy integral in {$\Bbb{C}^n$} for domains with
              minimal smoothness},
   JOURNAL = {Adv. Math.},
  FJOURNAL = {Advances in Mathematics},
    VOLUME = {264},
      YEAR = {2014},
     PAGES = {776--830},
      ISSN = {0001-8708},
   MRCLASS = {32A26 (32A50 32A55 42B20 46E22)},
  MRNUMBER = {3250300},
MRREVIEWER = {Yunus E. Zeytuncu},
       DOI = {10.1016/j.aim.2014.07.016},
       URL = {https://doi-org.colorado.idm.oclc.org/10.1016/j.aim.2014.07.016},
}
		
@article {MR3228630,
    AUTHOR = {Stein, Elias M. and Yung, Po-Lam},
     TITLE = {Pseudodifferential operators of mixed type adapted to
              distributions of {$k$}-planes},
   JOURNAL = {Math. Res. Lett.},
  FJOURNAL = {Mathematical Research Letters},
    VOLUME = {20},
      YEAR = {2013},
    NUMBER = {6},
     PAGES = {1183--1208},
      ISSN = {1073-2780},
   MRCLASS = {58A30 (32A25 47F05 58J40)},
  MRNUMBER = {3228630},
MRREVIEWER = {Gabriel-Teodor Pripoae},
       DOI = {10.4310/MRL.2013.v20.n6.a15},
       URL = {https://doi-org.colorado.idm.oclc.org/10.4310/MRL.2013.v20.n6.a15},
}
		
@article {MR3107526,
    AUTHOR = {Stein, Elias M. and Street, Brian},
     TITLE = {Multi-parameter singular {R}adon transforms {II}: {T}he
              {$L^p$} theory},
   JOURNAL = {Adv. Math.},
  FJOURNAL = {Advances in Mathematics},
    VOLUME = {248},
      YEAR = {2013},
     PAGES = {736--783},
      ISSN = {0001-8708},
   MRCLASS = {42B20 (42B25)},
  MRNUMBER = {3107526},
MRREVIEWER = {B. S. Rubin},
       DOI = {10.1016/j.aim.2013.08.016},
       URL = {https://doi-org.colorado.idm.oclc.org/10.1016/j.aim.2013.08.016},
}
		
@incollection {MR3089027,
    AUTHOR = {Stein, Elias M.},
     TITLE = {Three projection operators in complex analysis},
 BOOKTITLE = {Colloquium {D}e {G}iorgi 2010--2012},
    SERIES = {Colloquia},
    VOLUME = {4},
     PAGES = {49--59},
 PUBLISHER = {Ed. Norm., Pisa},
      YEAR = {2013},
   MRCLASS = {32A25 (32A26)},
  MRNUMBER = {3089027},
MRREVIEWER = {Yunus E. Zeytuncu},
       DOI = {10.1007/978-88-7642-457-1_5},
       URL = {https://doi-org.colorado.idm.oclc.org/10.1007/978-88-7642-457-1_5},
}
		
@article {MR3084008,
    AUTHOR = {Lanzani, Loredana and Stein, Elias M.},
     TITLE = {Cauchy-type integrals in several complex variables},
   JOURNAL = {Bull. Math. Sci.},
  FJOURNAL = {Bulletin of Mathematical Sciences},
    VOLUME = {3},
      YEAR = {2013},
    NUMBER = {2},
     PAGES = {241--285},
      ISSN = {1664-3607},
   MRCLASS = {32A50 (31B10 32A36 42B08)},
  MRNUMBER = {3084008},
MRREVIEWER = {Pamela Ryan},
       DOI = {10.1007/s13373-013-0038-y},
       URL = {https://doi-org.colorado.idm.oclc.org/10.1007/s13373-013-0038-y},
}
		
@article {MR3117022,
    AUTHOR = {Lanzani, Loredana and Stein, Elias M.},
     TITLE = {The {B}ergman projection in {$L^p$} for domains with minimal
              smoothness},
   JOURNAL = {Illinois J. Math.},
  FJOURNAL = {Illinois Journal of Mathematics},
    VOLUME = {56},
      YEAR = {2012},
    NUMBER = {1},
     PAGES = {127--154 (2013)},
      ISSN = {0019-2082},
   MRCLASS = {32A25 (32T15 42B10)},
  MRNUMBER = {3117022},
MRREVIEWER = {Yunus E. Zeytuncu},
       URL = {http://projecteuclid.org.colorado.idm.oclc.org/euclid.ijm/1380287464},
}
		
@article {MR2949616,
    AUTHOR = {Nagel, Alexander and Ricci, Fulvio and Stein, Elias and
              Wainger, Stephen},
     TITLE = {Singular integrals with flag kernels on homogeneous groups,
              {I}},
   JOURNAL = {Rev. Mat. Iberoam.},
  FJOURNAL = {Revista Matem\'{a}tica Iberoamericana},
    VOLUME = {28},
      YEAR = {2012},
    NUMBER = {3},
     PAGES = {631--722},
      ISSN = {0213-2230},
   MRCLASS = {42B25 (20D15 43A80)},
  MRNUMBER = {2949616},
MRREVIEWER = {Fr\'{e}d\'{e}ric Bernicot},
       DOI = {10.4171/RMI/688},
       URL = {https://doi-org.colorado.idm.oclc.org/10.4171/RMI/688},
}
		
@article {MR2880220,
    AUTHOR = {Stein, Elias M. and Street, Brian},
     TITLE = {Multi-parameter singular {R}adon transforms {III}: {R}eal
              analytic surfaces},
   JOURNAL = {Adv. Math.},
  FJOURNAL = {Advances in Mathematics},
    VOLUME = {229},
      YEAR = {2012},
    NUMBER = {4},
     PAGES = {2210--2238},
      ISSN = {0001-8708},
   MRCLASS = {44A12 (26E05 43A15)},
  MRNUMBER = {2880220},
MRREVIEWER = {B. S. Rubin},
       DOI = {10.1016/j.aim.2011.11.016},
       URL = {https://doi-org.colorado.idm.oclc.org/10.1016/j.aim.2011.11.016},
}
		
@book {MR2827930,
    AUTHOR = {Stein, Elias M. and Shakarchi, Rami},
     TITLE = {Functional analysis},
    SERIES = {Princeton Lectures in Analysis},
    VOLUME = {4},
      NOTE = {Introduction to further topics in analysis},
 PUBLISHER = {Princeton University Press, Princeton, NJ},
      YEAR = {2011},
     PAGES = {xviii+423},
      ISBN = {978-0-691-11387-6},
   MRCLASS = {46-01 (32E99 32W99 60-02)},
  MRNUMBER = {2827930},
MRREVIEWER = {Stevan Pilipovi\'{c}},
}
		
@article {MR2784671,
    AUTHOR = {Stein, Elias M. and Street, Brian},
     TITLE = {Multi-parameter singular {R}adon transforms},
   JOURNAL = {Math. Res. Lett.},
  FJOURNAL = {Mathematical Research Letters},
    VOLUME = {18},
      YEAR = {2011},
    NUMBER = {2},
     PAGES = {257--277},
      ISSN = {1073-2780},
   MRCLASS = {44A12 (43A15)},
  MRNUMBER = {2784671},
MRREVIEWER = {Aleksander Denisiuk},
       DOI = {10.4310/MRL.2011.v18.n2.a6},
       URL = {https://doi-org.colorado.idm.oclc.org/10.4310/MRL.2011.v18.n2.a6},
}
		
@article {MR2667898,
    AUTHOR = {Gulisashvili, Archil and Stein, Elias M.},
     TITLE = {Asymptotic behavior of distribution densities in models with
              stochastic volatility. {I}},
   JOURNAL = {Math. Finance},
  FJOURNAL = {Mathematical Finance. An International Journal of Mathematics,
              Statistics and Financial Economics},
    VOLUME = {20},
      YEAR = {2010},
    NUMBER = {3},
     PAGES = {447--477},
      ISSN = {0960-1627},
   MRCLASS = {91B70 (91G20 91G70)},
  MRNUMBER = {2667898},
MRREVIEWER = {Kyoung-Kuk Kim},
       DOI = {10.1111/j.1467-9965.2010.00406.x},
       URL = {https://doi-org.colorado.idm.oclc.org/10.1111/j.1467-9965.2010.00406.x},
}
		
@article {MR2609592,
    AUTHOR = {Gulisashvili, Archil and Stein, Elias M.},
     TITLE = {Asymptotic behavior of the stock price distribution density
              and implied volatility in stochastic volatility models},
   JOURNAL = {Appl. Math. Optim.},
  FJOURNAL = {Applied Mathematics and Optimization},
    VOLUME = {61},
      YEAR = {2010},
    NUMBER = {3},
     PAGES = {287--315},
      ISSN = {0095-4616},
   MRCLASS = {91B70 (60E05 60E10 60H30 62E17)},
  MRNUMBER = {2609592},
MRREVIEWER = {George Stoica},
       DOI = {10.1007/s00245-009-9085-x},
       URL = {https://doi-org.colorado.idm.oclc.org/10.1007/s00245-009-9085-x},
}
		
@article {MR2509289,
    AUTHOR = {Gulisashvili, Archil and Stein, Elias M.},
     TITLE = {Implied volatility in the {H}ull-{W}hite model},
   JOURNAL = {Math. Finance},
  FJOURNAL = {Mathematical Finance. An International Journal of Mathematics,
              Statistics and Financial Economics},
    VOLUME = {19},
      YEAR = {2009},
    NUMBER = {2},
     PAGES = {303--327},
      ISSN = {0960-1627},
   MRCLASS = {91G20 (91B70)},
  MRNUMBER = {2509289},
MRREVIEWER = {Silvia Romagnoli},
       DOI = {10.1111/j.1467-9965.2009.00368.x},
       URL = {https://doi-org.colorado.idm.oclc.org/10.1111/j.1467-9965.2009.00368.x},
}
		
@incollection {MR2435336,
    AUTHOR = {Fefferman, Charles and Stein, Elias M.},
     TITLE = {Comments on several papers of {A}. {P}. {C}alder\'{o}n},
 BOOKTITLE = {Selected papers of {A}lberto {P}. {C}alder\'{o}n},
     PAGES = {573--587},
 PUBLISHER = {Amer. Math. Soc., Providence, RI},
      YEAR = {2008},
   MRCLASS = {42-03 (42B20)},
  MRNUMBER = {2435336},
}
		
@incollection {MR2435335,
    AUTHOR = {Fefferman, Charles and Stein, Elias M.},
     TITLE = {Commentary on {C}alder\'{o}n's papers on interpolation},
 BOOKTITLE = {Selected papers of {A}lberto {P}. {C}alder\'{o}n},
     PAGES = {567--572},
 PUBLISHER = {Amer. Math. Soc., Providence, RI},
      YEAR = {2008},
   MRCLASS = {41A05 (42-03)},
  MRNUMBER = {2435335},
}
		
@article {MR2346547,
    AUTHOR = {Magyar, Akos and Stein, Elias M. and Wainger, Stephen},
     TITLE = {Maximal operators associated to discrete subgroups of
              nilpotent {L}ie groups},
   JOURNAL = {J. Anal. Math.},
  FJOURNAL = {Journal d'Analyse Math\'{e}matique},
    VOLUME = {101},
      YEAR = {2007},
     PAGES = {257--312},
      ISSN = {0021-7670},
   MRCLASS = {43A80 (22E25 42B25)},
  MRNUMBER = {2346547},
MRREVIEWER = {Gy\"{o}rgy G\'{a}t},
       DOI = {10.1007/s11854-007-0010-4},
       URL = {https://doi-org.colorado.idm.oclc.org/10.1007/s11854-007-0010-4},
}
		
@article {MR2318564,
    AUTHOR = {Ionescu, Alexandru D. and Stein, Elias M. and Magyar, Akos and
              Wainger, Stephen},
     TITLE = {Discrete {R}adon transforms and applications to ergodic
              theory},
   JOURNAL = {Acta Math.},
  FJOURNAL = {Acta Mathematica},
    VOLUME = {198},
      YEAR = {2007},
    NUMBER = {2},
     PAGES = {231--298},
      ISSN = {0001-5962},
   MRCLASS = {43A80 (28D99 37A30 42C99 47A35)},
  MRNUMBER = {2318564},
MRREVIEWER = {Parthena Avramidou},
       DOI = {10.1007/s11511-007-0016-x},
       URL = {https://doi-org.colorado.idm.oclc.org/10.1007/s11511-007-0016-x},
}
		
@article {MR2303310,
    AUTHOR = {Gressman, Philip T. and Stein, Elias M.},
     TITLE = {Regularity of the {F}ourier transform on spaces of homogeneous
              distributions},
   JOURNAL = {J. Anal. Math.},
  FJOURNAL = {Journal d'Analyse Math\'{e}matique},
    VOLUME = {100},
      YEAR = {2006},
     PAGES = {211--222},
      ISSN = {0021-7670},
   MRCLASS = {42A38 (42A63 42B10 46F12)},
  MRNUMBER = {2303310},
MRREVIEWER = {Steven George Krantz},
       DOI = {10.1007/BF02916761},
       URL = {https://doi-org.colorado.idm.oclc.org/10.1007/BF02916761},
}
		
@article {MR2267587,
    AUTHOR = {Gulisashvili, Archil and Stein, Elias M.},
     TITLE = {Asymptotic behavior of the distribution of the stock price in
              models with stochastic volatility: the {H}ull-{W}hite model},
   JOURNAL = {C. R. Math. Acad. Sci. Paris},
  FJOURNAL = {Comptes Rendus Math\'{e}matique. Acad\'{e}mie des Sciences. Paris},
    VOLUME = {343},
      YEAR = {2006},
    NUMBER = {8},
     PAGES = {519--523},
      ISSN = {1631-073X},
   MRCLASS = {60H30 (60H10 91B28)},
  MRNUMBER = {2267587},
MRREVIEWER = {Dirk Becherer},
       DOI = {10.1016/j.crma.2006.09.029},
       URL = {https://doi-org.colorado.idm.oclc.org/10.1016/j.crma.2006.09.029},
}
		
@article {MR2247970,
    AUTHOR = {Nagel, Alexander and Stein, Elias M.},
     TITLE = {The {$\overline{\partial}_b$}-complex on decoupled boundaries
              in {$\Bbb C^n$}},
   JOURNAL = {Ann. of Math. (2)},
  FJOURNAL = {Annals of Mathematics. Second Series},
    VOLUME = {164},
      YEAR = {2006},
    NUMBER = {2},
     PAGES = {649--713},
      ISSN = {0003-486X},
   MRCLASS = {32W10 (35N15)},
  MRNUMBER = {2247970},
MRREVIEWER = {Fabio Nicola},
       DOI = {10.4007/annals.2006.164.649},
       URL = {https://doi-org.colorado.idm.oclc.org/10.4007/annals.2006.164.649},
}
		
@article {MR2174919,
    AUTHOR = {Nagel, Alexander and Stein, Elias M.},
     TITLE = {Corrigenda: ``{O}n the product theory of singular integrals''
              [{R}ev. {M}at. {I}beroamericana {\bf 20} (2004), no. 2,
              531--561; MR2073131]},
   JOURNAL = {Rev. Mat. Iberoamericana},
  FJOURNAL = {Revista Matem\'{a}tica Iberoamericana},
    VOLUME = {21},
      YEAR = {2005},
    NUMBER = {2},
     PAGES = {693--694},
      ISSN = {0213-2230},
   MRCLASS = {42B20 (47G10)},
  MRNUMBER = {2174919},
MRREVIEWER = {J. M. Aldaz},
       DOI = {10.4171/RMI/432},
       URL = {https://doi-org.colorado.idm.oclc.org/10.4171/RMI/432},
}
		
@book {MR2129625,
    AUTHOR = {Stein, Elias M. and Shakarchi, Rami},
     TITLE = {Real analysis},
    SERIES = {Princeton Lectures in Analysis},
    VOLUME = {3},
      NOTE = {Measure theory, integration, and Hilbert spaces},
 PUBLISHER = {Princeton University Press, Princeton, NJ},
      YEAR = {2005},
     PAGES = {xx+402},
      ISBN = {0-691-11386-6},
   MRCLASS = {28B15 (00-01 26-01 26A03 26A09 28-01 46-01 47-01)},
  MRNUMBER = {2129625},
MRREVIEWER = {Steven George Krantz},
}
		
@article {MR2122730,
    AUTHOR = {Lanzani, Loredana and Stein, Elias M.},
     TITLE = {A note on div curl inequalities},
   JOURNAL = {Math. Res. Lett.},
  FJOURNAL = {Mathematical Research Letters},
    VOLUME = {12},
      YEAR = {2005},
    NUMBER = {1},
     PAGES = {57--61},
      ISSN = {1073-2780},
   MRCLASS = {58A10 (35B45 35F05 47N20)},
  MRNUMBER = {2122730},
MRREVIEWER = {Gilles Carron},
       DOI = {10.4310/MRL.2005.v12.n1.a6},
       URL = {https://doi-org.colorado.idm.oclc.org/10.4310/MRL.2005.v12.n1.a6},
}
		
@article {MR2073131,
    AUTHOR = {Nagel, Alexander and Stein, Elias M.},
     TITLE = {On the product theory of singular integrals},
   JOURNAL = {Rev. Mat. Iberoamericana},
  FJOURNAL = {Revista Matem\'{a}tica Iberoamericana},
    VOLUME = {20},
      YEAR = {2004},
    NUMBER = {2},
     PAGES = {531--561},
      ISSN = {0213-2230},
   MRCLASS = {42B20 (47G10)},
  MRNUMBER = {2073131},
MRREVIEWER = {J. M. Aldaz},
       DOI = {10.4171/RMI/400},
       URL = {https://doi-org.colorado.idm.oclc.org/10.4171/RMI/400},
}
		
@article {MR2030575,
    AUTHOR = {Lanzani, Loredana and Stein, Elias M.},
     TITLE = {Szeg\"{o} and {B}ergman projections on non-smooth planar domains},
   JOURNAL = {J. Geom. Anal.},
  FJOURNAL = {The Journal of Geometric Analysis},
    VOLUME = {14},
      YEAR = {2004},
    NUMBER = {1},
     PAGES = {63--86},
      ISSN = {1050-6926},
   MRCLASS = {30E20 (30C20 30E25 31A10 47B38)},
  MRNUMBER = {2030575},
MRREVIEWER = {P. Lappan},
       DOI = {10.1007/BF02921866},
       URL = {https://doi-org.colorado.idm.oclc.org/10.1007/BF02921866},
}
		
@book {MR1976398,
    AUTHOR = {Stein, Elias M. and Shakarchi, Rami},
     TITLE = {Complex analysis},
    SERIES = {Princeton Lectures in Analysis},
    VOLUME = {2},
 PUBLISHER = {Princeton University Press, Princeton, NJ},
      YEAR = {2003},
     PAGES = {xviii+379},
      ISBN = {0-691-11385-8},
   MRCLASS = {30-01},
  MRNUMBER = {1976398},
MRREVIEWER = {Heinrich Begehr},
}
		
@book {MR1970295,
    AUTHOR = {Stein, Elias M. and Shakarchi, Rami},
     TITLE = {Fourier analysis},
    SERIES = {Princeton Lectures in Analysis},
    VOLUME = {1},
      NOTE = {An introduction},
 PUBLISHER = {Princeton University Press, Princeton, NJ},
      YEAR = {2003},
     PAGES = {xvi+311},
      ISBN = {0-691-11384-X},
   MRCLASS = {42-01},
  MRNUMBER = {1970295},
MRREVIEWER = {Steven George Krantz},
}
		
@article {MR1945293,
    AUTHOR = {Stein, Elias M. and Wainger, Stephen},
     TITLE = {Two discrete fractional integral operators revisited},
      NOTE = {Dedicated to the memory of Thomas H. Wolff},
   JOURNAL = {J. Anal. Math.},
  FJOURNAL = {Journal d'Analyse Math\'{e}matique},
    VOLUME = {87},
      YEAR = {2002},
     PAGES = {451--479},
      ISSN = {0021-7670},
   MRCLASS = {39A70 (26A33 39A12 47B37)},
  MRNUMBER = {1945293},
MRREVIEWER = {Loukas Grafakos},
       DOI = {10.1007/BF02868485},
       URL = {https://doi-org.colorado.idm.oclc.org/10.1007/BF02868485},
}
		
@article {MR1888798,
    AUTHOR = {Magyar, A. and Stein, E. M. and Wainger, S.},
     TITLE = {Discrete analogues in harmonic analysis: spherical averages},
   JOURNAL = {Ann. of Math. (2)},
  FJOURNAL = {Annals of Mathematics. Second Series},
    VOLUME = {155},
      YEAR = {2002},
    NUMBER = {1},
     PAGES = {189--208},
      ISSN = {0003-486X},
   MRCLASS = {42B25 (11K70 43A07)},
  MRNUMBER = {1888798},
MRREVIEWER = {Loukas Grafakos},
       DOI = {10.2307/3062154},
       URL = {https://doi-org.colorado.idm.oclc.org/10.2307/3062154},
}
		
@article {MR1882665,
    AUTHOR = {Nagel, Alexander and Stein, Elias M.},
     TITLE = {Differentiable control metrics and scaled bump functions},
   JOURNAL = {J. Differential Geom.},
  FJOURNAL = {Journal of Differential Geometry},
    VOLUME = {57},
      YEAR = {2001},
    NUMBER = {3},
     PAGES = {465--492},
      ISSN = {0022-040X},
   MRCLASS = {58A30 (35H10 35N15 53C17)},
  MRNUMBER = {1882665},
MRREVIEWER = {Constantin Vernicos},
       URL = {http://projecteuclid.org.colorado.idm.oclc.org/euclid.jdg/1090348130},
}
		
@article {MR1879821,
    AUTHOR = {Stein, Elias M. and Wainger, Stephen},
     TITLE = {Oscillatory integrals related to {C}arleson's theorem},
   JOURNAL = {Math. Res. Lett.},
  FJOURNAL = {Mathematical Research Letters},
    VOLUME = {8},
      YEAR = {2001},
    NUMBER = {5-6},
     PAGES = {789--800},
      ISSN = {1073-2780},
   MRCLASS = {42B20 (47G10)},
  MRNUMBER = {1879821},
MRREVIEWER = {B. S. Rubin},
       DOI = {10.4310/MRL.2001.v8.n6.a9},
       URL = {https://doi-org.colorado.idm.oclc.org/10.4310/MRL.2001.v8.n6.a9},
}
		
@article {MR1860735,
    AUTHOR = {Nagel, Alexander and Stein, Elias M.},
     TITLE = {The {$\square_b$}-heat equation on pseudoconvex manifolds of
              finite type in {$\Bbb C^2$}},
   JOURNAL = {Math. Z.},
  FJOURNAL = {Mathematische Zeitschrift},
    VOLUME = {238},
      YEAR = {2001},
    NUMBER = {1},
     PAGES = {37--88},
      ISSN = {0025-5874},
   MRCLASS = {32W30 (32T25)},
  MRNUMBER = {1860735},
MRREVIEWER = {Der-Chen E. Chang},
       DOI = {10.1007/PL00004901},
       URL = {https://doi-org.colorado.idm.oclc.org/10.1007/PL00004901},
}
		
@article {MR1819885,
    AUTHOR = {Phong, D. H. and Stein, E. M. and Sturm, Jacob},
     TITLE = {Multilinear level set operators, oscillatory integral
              operators, and {N}ewton polyhedra},
   JOURNAL = {Math. Ann.},
  FJOURNAL = {Mathematische Annalen},
    VOLUME = {319},
      YEAR = {2001},
    NUMBER = {3},
     PAGES = {573--596},
      ISSN = {0025-5831},
   MRCLASS = {42B25 (47H60)},
  MRNUMBER = {1819885},
MRREVIEWER = {Christoph M. Thiele},
       DOI = {10.1007/PL00004450},
       URL = {https://doi-org.colorado.idm.oclc.org/10.1007/PL00004450},
}
		
@article {MR1818111,
    AUTHOR = {Nagel, Alexander and Ricci, Fulvio and Stein, Elias M.},
     TITLE = {Singular integrals with flag kernels and analysis on quadratic
              {CR} manifolds},
   JOURNAL = {J. Funct. Anal.},
  FJOURNAL = {Journal of Functional Analysis},
    VOLUME = {181},
      YEAR = {2001},
    NUMBER = {1},
     PAGES = {29--118},
      ISSN = {0022-1236},
   MRCLASS = {22E30 (32V20 42B20 44A35 47B38)},
  MRNUMBER = {1818111},
MRREVIEWER = {Steven George Krantz},
       DOI = {10.1006/jfan.2000.3714},
       URL = {https://doi-org.colorado.idm.oclc.org/10.1006/jfan.2000.3714},
}
		
@article {MR1826263,
    AUTHOR = {Stein, Elias M.},
     TITLE = {Some geometrical concepts arising in harmonic analysis},
      NOTE = {GAFA 2000 (Tel Aviv, 1999)},
   JOURNAL = {Geom. Funct. Anal.},
  FJOURNAL = {Geometric and Functional Analysis},
      YEAR = {2000},
    NUMBER = {Special Volume, Part I},
     PAGES = {434--453},
      ISSN = {1016-443X},
   MRCLASS = {42B20 (32V20)},
  MRNUMBER = {1826263},
MRREVIEWER = {Adam Sikora},
       DOI = {10.1007/978-3-0346-0422-2_17},
       URL = {https://doi-org.colorado.idm.oclc.org/10.1007/978-3-0346-0422-2_17},
}
		
@article {MR1771530,
    AUTHOR = {Stein, E. M. and Wainger, S.},
     TITLE = {Discrete analogues in harmonic analysis. {II}. {F}ractional
              integration},
   JOURNAL = {J. Anal. Math.},
  FJOURNAL = {Journal d'Analyse Math\'{e}matique},
    VOLUME = {80},
      YEAR = {2000},
     PAGES = {335--355},
      ISSN = {0021-7670},
   MRCLASS = {42B20 (11L07 11P55 39A12 42A50 44A12)},
  MRNUMBER = {1771530},
MRREVIEWER = {Loukas Grafakos},
       DOI = {10.1007/BF02791541},
       URL = {https://doi-org.colorado.idm.oclc.org/10.1007/BF02791541},
}
		
@article {MR1760627,
    AUTHOR = {Margulis, G. A. and Nevo, A. and Stein, E. M.},
     TITLE = {Analogs of {W}iener's ergodic theorems for semisimple {L}ie
              groups. {II}},
   JOURNAL = {Duke Math. J.},
  FJOURNAL = {Duke Mathematical Journal},
    VOLUME = {103},
      YEAR = {2000},
    NUMBER = {2},
     PAGES = {233--259},
      ISSN = {0012-7094},
   MRCLASS = {22D40 (22E30 28D05 37A30 43A90)},
  MRNUMBER = {1760627},
MRREVIEWER = {Jacques Faraut},
       DOI = {10.1215/S0012-7094-00-10323-7},
       URL = {https://doi-org.colorado.idm.oclc.org/10.1215/S0012-7094-00-10323-7},
}
		
@article {MR1738409,
    AUTHOR = {Phong, D. H. and Stein, E. M. and Sturm, J. A.},
     TITLE = {On the growth and stability of real-analytic functions},
   JOURNAL = {Amer. J. Math.},
  FJOURNAL = {American Journal of Mathematics},
    VOLUME = {121},
      YEAR = {1999},
    NUMBER = {3},
     PAGES = {519--554},
      ISSN = {0002-9327},
   MRCLASS = {58J37 (26E05)},
  MRNUMBER = {1738409},
       URL =
              {http://muse.jhu.edu.colorado.idm.oclc.org/journals/american_journal_of_mathematics/v121/121.3phong.pdf},
}
		
@incollection {MR1731194,
    AUTHOR = {Stein, Elias M.},
     TITLE = {Calder\'{o}n and {Z}ygmund's theory of singular integrals},
 BOOKTITLE = {Harmonic analysis and partial differential equations
              ({C}hicago, {IL}, 1996)},
    SERIES = {Chicago Lectures in Math.},
     PAGES = {1--26},
 PUBLISHER = {Univ. Chicago Press, Chicago, IL},
      YEAR = {1999},
   MRCLASS = {42B20 (01A60 42-03 42B25 46E99 47G10)},
  MRNUMBER = {1731194},
MRREVIEWER = {Loukas Grafakos},
}
		
@article {MR1726701,
    AUTHOR = {Christ, Michael and Nagel, Alexander and Stein, Elias M. and
              Wainger, Stephen},
     TITLE = {Singular and maximal {R}adon transforms: analysis and
              geometry},
   JOURNAL = {Ann. of Math. (2)},
  FJOURNAL = {Annals of Mathematics. Second Series},
    VOLUME = {150},
      YEAR = {1999},
    NUMBER = {2},
     PAGES = {489--577},
      ISSN = {0003-486X},
   MRCLASS = {42B20 (22E25 42B25 44A12)},
  MRNUMBER = {1726701},
MRREVIEWER = {Detlef H. M\"{u}ller},
       DOI = {10.2307/121088},
       URL = {https://doi-org.colorado.idm.oclc.org/10.2307/121088},
}
		
@article {MR1719802,
    AUTHOR = {Stein, Elias M. and Wainger, Stephen},
     TITLE = {Discrete analogues in harmonic analysis. {I}. {$l^2$}
              estimates for singular {R}adon transforms},
   JOURNAL = {Amer. J. Math.},
  FJOURNAL = {American Journal of Mathematics},
    VOLUME = {121},
      YEAR = {1999},
    NUMBER = {6},
     PAGES = {1291--1336},
      ISSN = {0002-9327},
   MRCLASS = {42B20 (11L07 11P55 39A12 42A50 44A12)},
  MRNUMBER = {1719802},
MRREVIEWER = {Loukas Grafakos},
       URL =
              {http://muse.jhu.edu.colorado.idm.oclc.org/journals/american_journal_of_mathematics/v121/121.6stein.pdf},
}
		
@article {MR1715410,
    AUTHOR = {M\"{u}ller, Detlef and Stein, Elias M.},
     TITLE = {{$L^p$}-estimates for the wave equation on the {H}eisenberg
              group},
   JOURNAL = {Rev. Mat. Iberoamericana},
  FJOURNAL = {Revista Matem\'{a}tica Iberoamericana},
    VOLUME = {15},
      YEAR = {1999},
    NUMBER = {2},
     PAGES = {297--334},
      ISSN = {0213-2230},
   MRCLASS = {43A80 (22E30 35B30 35L20)},
  MRNUMBER = {1715410},
MRREVIEWER = {Gerald B. Folland},
       DOI = {10.4171/RMI/258},
       URL = {https://doi-org.colorado.idm.oclc.org/10.4171/RMI/258},
}
		
@article {MR1713146,
    AUTHOR = {Kenig, Carlos E. and Stein, Elias M.},
     TITLE = {Erratum to: ``{M}ultilinear estimates and fractional
              integration''},
   JOURNAL = {Math. Res. Lett.},
  FJOURNAL = {Mathematical Research Letters},
    VOLUME = {6},
      YEAR = {1999},
    NUMBER = {3-4},
     PAGES = {467},
      ISSN = {1073-2780},
   MRCLASS = {42B20 (26A33 47G10)},
  MRNUMBER = {1713146},
MRREVIEWER = {Michael T. Lacey},
       DOI = {10.4310/MRL.1999.v6.n4.a10},
       URL = {https://doi-org.colorado.idm.oclc.org/10.4310/MRL.1999.v6.n4.a10},
}
		
@article {MR1682725,
    AUTHOR = {Kenig, Carlos E. and Stein, Elias M.},
     TITLE = {Multilinear estimates and fractional integration},
   JOURNAL = {Math. Res. Lett.},
  FJOURNAL = {Mathematical Research Letters},
    VOLUME = {6},
      YEAR = {1999},
    NUMBER = {1},
     PAGES = {1--15},
      ISSN = {1073-2780},
   MRCLASS = {42B20 (26A33 47G10)},
  MRNUMBER = {1682725},
MRREVIEWER = {Michael T. Lacey},
       DOI = {10.4310/MRL.1999.v6.n1.a1},
       URL = {https://doi-org.colorado.idm.oclc.org/10.4310/MRL.1999.v6.n1.a1},
}
		
@article {MR1458319,
    AUTHOR = {Chang, Der-Chen and Dafni, Galia and Stein, Elias M.},
     TITLE = {Hardy spaces, {BMO}, and boundary value problems for the
              {L}aplacian on a smooth domain in {$\bold R^n$}},
   JOURNAL = {Trans. Amer. Math. Soc.},
  FJOURNAL = {Transactions of the American Mathematical Society},
    VOLUME = {351},
      YEAR = {1999},
    NUMBER = {4},
     PAGES = {1605--1661},
      ISSN = {0002-9947},
   MRCLASS = {46E15 (35J25 42B25 42B30)},
  MRNUMBER = {1458319},
MRREVIEWER = {Steven George Krantz},
       DOI = {10.1090/S0002-9947-99-02111-X},
       URL = {https://doi-org.colorado.idm.oclc.org/10.1090/S0002-9947-99-02111-X},
}
		
@article {MR1640159,
    AUTHOR = {Stein, Elias M.},
     TITLE = {Singular integrals: the roles of {C}alder\'{o}n and {Z}ygmund},
   JOURNAL = {Notices Amer. Math. Soc.},
  FJOURNAL = {Notices of the American Mathematical Society},
    VOLUME = {45},
      YEAR = {1998},
    NUMBER = {9},
     PAGES = {1130--1140},
      ISSN = {0002-9920},
   MRCLASS = {42-03 (01A60)},
  MRNUMBER = {1640159},
}
		
@article {MR1612395,
    AUTHOR = {Phong, D. H. and Stein, E. M.},
     TITLE = {Damped oscillatory integral operators with analytic phases},
   JOURNAL = {Adv. Math.},
  FJOURNAL = {Advances in Mathematics},
    VOLUME = {134},
      YEAR = {1998},
    NUMBER = {1},
     PAGES = {146--177},
      ISSN = {0001-8708},
   MRCLASS = {42B10 (35S30 42A38 47G30)},
  MRNUMBER = {1612395},
MRREVIEWER = {Michael Cowling},
       DOI = {10.1006/aima.1997.1704},
       URL = {https://doi-org.colorado.idm.oclc.org/10.1006/aima.1997.1704},
}
		
@article {MR1484770,
    AUTHOR = {Phong, D. H. and Stein, E. M.},
     TITLE = {The {N}ewton polyhedron and oscillatory integral operators},
   JOURNAL = {Acta Math.},
  FJOURNAL = {Acta Mathematica},
    VOLUME = {179},
      YEAR = {1997},
    NUMBER = {1},
     PAGES = {105--152},
      ISSN = {0001-5962},
   MRCLASS = {42B20 (35S30 47G30 58G15)},
  MRNUMBER = {1484770},
MRREVIEWER = {Andreas Seeger},
       DOI = {10.1007/BF02392721},
       URL = {https://doi-org.colorado.idm.oclc.org/10.1007/BF02392721},
}
		
@article {MR1454704,
    AUTHOR = {Nevo, Amos and Stein, Elias M.},
     TITLE = {Analogs of {W}iener's ergodic theorems for semisimple groups.
              {I}},
   JOURNAL = {Ann. of Math. (2)},
  FJOURNAL = {Annals of Mathematics. Second Series},
    VOLUME = {145},
      YEAR = {1997},
    NUMBER = {3},
     PAGES = {565--595},
      ISSN = {0003-486X},
   MRCLASS = {22D40 (22E30 28D05 43A80 43A90)},
  MRNUMBER = {1454704},
MRREVIEWER = {Jacques Faraut},
       DOI = {10.2307/2951845},
       URL = {https://doi-org.colorado.idm.oclc.org/10.2307/2951845},
}
		
@article {MR1452048,
    AUTHOR = {McNeal, J. D. and Stein, E. M.},
     TITLE = {The {S}zeg\H{o} projection on convex domains},
   JOURNAL = {Math. Z.},
  FJOURNAL = {Mathematische Zeitschrift},
    VOLUME = {224},
      YEAR = {1997},
    NUMBER = {4},
     PAGES = {519--553},
      ISSN = {0025-5874},
   MRCLASS = {32H10 (32F15)},
  MRNUMBER = {1452048},
MRREVIEWER = {Harold P. Boas},
       DOI = {10.1007/PL00004593},
       URL = {https://doi-org.colorado.idm.oclc.org/10.1007/PL00004593},
}
		
@article {MR1376298,
    AUTHOR = {M\"{u}ller, Detlef and Ricci, Fulvio and Stein, Elias M.},
     TITLE = {Marcinkiewicz multipliers and multi-parameter structure on
              {H}eisenberg (-type) groups. {II}},
   JOURNAL = {Math. Z.},
  FJOURNAL = {Mathematische Zeitschrift},
    VOLUME = {221},
      YEAR = {1996},
    NUMBER = {2},
     PAGES = {267--291},
      ISSN = {0025-5874},
   MRCLASS = {43A22 (22E30 42B15 42B20)},
  MRNUMBER = {1376298},
MRREVIEWER = {Gerald B. Folland},
       DOI = {10.1007/BF02622116},
       URL = {https://doi-org.colorado.idm.oclc.org/10.1007/BF02622116},
}
		
@inproceedings {MR1364908,
    AUTHOR = {Stein, Elias M.},
     TITLE = {Oscillatory integrals related to {R}adon-like transforms},
 BOOKTITLE = {Proceedings of the {C}onference in {H}onor of {J}ean-{P}ierre
              {K}ahane ({O}rsay, 1993)},
   JOURNAL = {J. Fourier Anal. Appl.},
  FJOURNAL = {The Journal of Fourier Analysis and Applications},
      YEAR = {1995},
    NUMBER = {Special Issue},
     PAGES = {535--551},
      ISSN = {1069-5869},
   MRCLASS = {42B20 (35S30 42B25)},
  MRNUMBER = {1364908},
MRREVIEWER = {Andreas Seeger},
}
		
@incollection {MR1360485,
    AUTHOR = {Stein, Elias M.},
     TITLE = {Spectral multipliers and multiple-parameter structures on the
              {H}eisenberg group},
 BOOKTITLE = {Journ\'{e}es ``\'{E}quations aux {D}\'{e}riv\'{e}es {P}artielles''
              ({S}aint-{J}ean-de-{M}onts, 1995)},
     PAGES = {Exp. No. XVI, 15},
 PUBLISHER = {\'{E}cole Polytech., Palaiseau},
      YEAR = {1995},
   MRCLASS = {22E30 (42B15)},
  MRNUMBER = {1360485},
MRREVIEWER = {Detlef H. M\"{u}ller},
}
		
@article {MR1312498,
    AUTHOR = {M\"{u}ller, Detlef and Ricci, Fulvio and Stein, Elias M.},
     TITLE = {Marcinkiewicz multipliers and multi-parameter structure on
              {H}eisenberg (-type) groups. {I}},
   JOURNAL = {Invent. Math.},
  FJOURNAL = {Inventiones Mathematicae},
    VOLUME = {119},
      YEAR = {1995},
    NUMBER = {2},
     PAGES = {199--233},
      ISSN = {0020-9910},
   MRCLASS = {43A22 (22E30 42B15 42B20)},
  MRNUMBER = {1312498},
MRREVIEWER = {Gerald B. Folland},
       DOI = {10.1007/BF01245180},
       URL = {https://doi-org.colorado.idm.oclc.org/10.1007/BF01245180},
}
		
@article {MR1307901,
    AUTHOR = {Phong, D. H. and Stein, E. M.},
     TITLE = {Models of degenerate {F}ourier integral operators and {R}adon
              transforms},
   JOURNAL = {Ann. of Math. (2)},
  FJOURNAL = {Annals of Mathematics. Second Series},
    VOLUME = {140},
      YEAR = {1994},
    NUMBER = {3},
     PAGES = {703--722},
      ISSN = {0003-486X},
   MRCLASS = {35S30 (42B10 44A12 58G15)},
  MRNUMBER = {1307901},
MRREVIEWER = {Michael Cowling},
       DOI = {10.2307/2118622},
       URL = {https://doi-org.colorado.idm.oclc.org/10.2307/2118622},
}
		
@article {MR1294672,
    AUTHOR = {Nevo, Amos and Stein, Elias M.},
     TITLE = {A generalization of {B}irkhoff's pointwise ergodic theorem},
   JOURNAL = {Acta Math.},
  FJOURNAL = {Acta Mathematica},
    VOLUME = {173},
      YEAR = {1994},
    NUMBER = {1},
     PAGES = {135--154},
      ISSN = {0001-5962},
   MRCLASS = {28D15 (43A40)},
  MRNUMBER = {1294672},
MRREVIEWER = {Karl Petersen},
       DOI = {10.1007/BF02392571},
       URL = {https://doi-org.colorado.idm.oclc.org/10.1007/BF02392571},
}
		
@article {MR1290494,
    AUTHOR = {M\"{u}ller, D. and Stein, E. M.},
     TITLE = {On spectral multipliers for {H}eisenberg and related groups},
   JOURNAL = {J. Math. Pures Appl. (9)},
  FJOURNAL = {Journal de Math\'{e}matiques Pures et Appliqu\'{e}es. Neuvi\`eme S\'{e}rie},
    VOLUME = {73},
      YEAR = {1994},
    NUMBER = {4},
     PAGES = {413--440},
      ISSN = {0021-7824},
   MRCLASS = {43A22 (22E25 22E30 43A80)},
  MRNUMBER = {1290494},
}
		
@article {MR1274140,
    AUTHOR = {Phong, D. H. and Stein, E. M.},
     TITLE = {On a stopping process for oscillatory integrals},
   JOURNAL = {J. Geom. Anal.},
  FJOURNAL = {The Journal of Geometric Analysis},
    VOLUME = {4},
      YEAR = {1994},
    NUMBER = {1},
     PAGES = {105--120},
      ISSN = {1050-6926},
   MRCLASS = {42B20 (35S05 42B25)},
  MRNUMBER = {1274140},
MRREVIEWER = {Yi Biao Pan},
       DOI = {10.1007/BF02921595},
       URL = {https://doi-org.colorado.idm.oclc.org/10.1007/BF02921595},
}
		
@article {MR1258486,
    AUTHOR = {Phong, D. H. and Stein, E. M.},
     TITLE = {Operator versions of the van der {C}orput lemma and {F}ourier
              integral operators},
   JOURNAL = {Math. Res. Lett.},
  FJOURNAL = {Mathematical Research Letters},
    VOLUME = {1},
      YEAR = {1994},
    NUMBER = {1},
     PAGES = {27--33},
      ISSN = {1073-2780},
   MRCLASS = {35S30},
  MRNUMBER = {1258486},
MRREVIEWER = {Luigi Rodino},
       DOI = {10.4310/MRL.1994.v1.n1.a3},
       URL = {https://doi-org.colorado.idm.oclc.org/10.4310/MRL.1994.v1.n1.a3},
}
		
@article {MR1257282,
    AUTHOR = {McNeal, J. D. and Stein, E. M.},
     TITLE = {Mapping properties of the {B}ergman projection on convex
              domains of finite type},
   JOURNAL = {Duke Math. J.},
  FJOURNAL = {Duke Mathematical Journal},
    VOLUME = {73},
      YEAR = {1994},
    NUMBER = {1},
     PAGES = {177--199},
      ISSN = {0012-7094},
   MRCLASS = {32H10 (32F15)},
  MRNUMBER = {1257282},
MRREVIEWER = {Der-Chen E. Chang},
       DOI = {10.1215/S0012-7094-94-07307-9},
       URL = {https://doi-org.colorado.idm.oclc.org/10.1215/S0012-7094-94-07307-9},
}
		
@book {MR1232192,
    AUTHOR = {Stein, Elias M.},
     TITLE = {Harmonic analysis: real-variable methods, orthogonality, and
              oscillatory integrals},
    SERIES = {Princeton Mathematical Series},
    VOLUME = {43},
      NOTE = {With the assistance of Timothy S. Murphy,
              Monographs in Harmonic Analysis, III},
 PUBLISHER = {Princeton University Press, Princeton, NJ},
      YEAR = {1993},
     PAGES = {xiv+695},
      ISBN = {0-691-03216-5},
   MRCLASS = {42-02 (35Sxx 43-02 47G30)},
  MRNUMBER = {1232192},
MRREVIEWER = {Michael Cowling},
}
		
@article {MR1223705,
    AUTHOR = {Chang, Der-Chen and Krantz, Steven G. and Stein, Elias M.},
     TITLE = {{$H^p$} theory on a smooth domain in {${\bf R}^N$} and
              elliptic boundary value problems},
   JOURNAL = {J. Funct. Anal.},
  FJOURNAL = {Journal of Functional Analysis},
    VOLUME = {114},
      YEAR = {1993},
    NUMBER = {2},
     PAGES = {286--347},
      ISSN = {0022-1236},
   MRCLASS = {46E15 (35J25 42B30 46N20)},
  MRNUMBER = {1223705},
       DOI = {10.1006/jfan.1993.1069},
       URL = {https://doi-org.colorado.idm.oclc.org/10.1006/jfan.1993.1069},
}
		
@article {MR1194003,
    AUTHOR = {Chang, D.-C. and Nagel, A. and Stein, E. M.},
     TITLE = {Estimates for the {$\overline\partial$}-{N}eumann problem in
              pseudoconvex domains of finite type in {${\bf C}^2$}},
   JOURNAL = {Acta Math.},
  FJOURNAL = {Acta Mathematica},
    VOLUME = {169},
      YEAR = {1992},
    NUMBER = {3-4},
     PAGES = {153--228},
      ISSN = {0001-5962},
   MRCLASS = {32F15 (32A22 32F20 35N15)},
  MRNUMBER = {1194003},
MRREVIEWER = {Joachim Michel},
       DOI = {10.1007/BF02392760},
       URL = {https://doi-org.colorado.idm.oclc.org/10.1007/BF02392760},
}
		
@incollection {MR1190976,
    AUTHOR = {Chang, Der-Chen and Krantz, Steven G. and Stein, Elias M.},
     TITLE = {Hardy spaces and elliptic boundary value problems},
 BOOKTITLE = {The {M}adison {S}ymposium on {C}omplex {A}nalysis ({M}adison,
              {WI}, 1991)},
    SERIES = {Contemp. Math.},
    VOLUME = {137},
     PAGES = {119--131},
 PUBLISHER = {Amer. Math. Soc., Providence, RI},
      YEAR = {1992},
   MRCLASS = {42B30 (35J25)},
  MRNUMBER = {1190976},
       DOI = {10.1090/conm/137/1190976},
       URL = {https://doi-org.colorado.idm.oclc.org/10.1090/conm/137/1190976},
}
		
@article {MR1182969,
    AUTHOR = {Calder\'{o}n, A. P. and Stein, E. M.},
     TITLE = {Antoni {Z}ygmund: 1900--1992},
   JOURNAL = {Notices Amer. Math. Soc.},
  FJOURNAL = {Notices of the American Mathematical Society},
    VOLUME = {39},
      YEAR = {1992},
    NUMBER = {8},
     PAGES = {848--849},
      ISSN = {0002-9920},
   MRCLASS = {01A70},
  MRNUMBER = {1182969},
}
		
@article {MR1182643,
    AUTHOR = {Ricci, F. and Stein, E. M.},
     TITLE = {Multiparameter singular integrals and maximal functions},
   JOURNAL = {Ann. Inst. Fourier (Grenoble)},
  FJOURNAL = {Universit\'{e} de Grenoble. Annales de l'Institut Fourier},
    VOLUME = {42},
      YEAR = {1992},
    NUMBER = {3},
     PAGES = {637--670},
      ISSN = {0373-0956},
   MRCLASS = {42B20 (42B25)},
  MRNUMBER = {1182643},
MRREVIEWER = {Petr Gurka},
       URL = {http://www.numdam.org/item?id=AIF_1992__42_3_637_0},
}
		
@article {MR1181815,
    AUTHOR = {Phong, D. H. and Stein, E. M.},
     TITLE = {Oscillatory integrals with polynomial phases},
   JOURNAL = {Invent. Math.},
  FJOURNAL = {Inventiones Mathematicae},
    VOLUME = {110},
      YEAR = {1992},
    NUMBER = {1},
     PAGES = {39--62},
      ISSN = {0020-9910},
   MRCLASS = {58G15 (35S30 47G10)},
  MRNUMBER = {1181815},
MRREVIEWER = {Alejandro Uribe},
       DOI = {10.1007/BF01231323},
       URL = {https://doi-org.colorado.idm.oclc.org/10.1007/BF01231323},
}
		
@article {MR1127475,
    AUTHOR = {Seeger, Andreas and Sogge, Christopher D. and Stein, Elias M.},
     TITLE = {Regularity properties of {F}ourier integral operators},
   JOURNAL = {Ann. of Math. (2)},
  FJOURNAL = {Annals of Mathematics. Second Series},
    VOLUME = {134},
      YEAR = {1991},
    NUMBER = {2},
     PAGES = {231--251},
      ISSN = {0003-486X},
   MRCLASS = {35S30 (47G30)},
  MRNUMBER = {1127475},
MRREVIEWER = {Steven George Krantz},
       DOI = {10.2307/2944346},
       URL = {https://doi-org.colorado.idm.oclc.org/10.2307/2944346},
}
		
@article {MR1121165,
    AUTHOR = {Phong, D. H. and Stein, E. M.},
     TITLE = {Radon transforms and torsion},
   JOURNAL = {Internat. Math. Res. Notices},
  FJOURNAL = {International Mathematics Research Notices},
      YEAR = {1991},
    NUMBER = {4},
     PAGES = {49--60},
      ISSN = {1073-7928},
   MRCLASS = {58G15 (44A12)},
  MRNUMBER = {1121165},
       DOI = {10.1155/S1073792891000077},
       URL = {https://doi-org.colorado.idm.oclc.org/10.1155/S1073792891000077},
}
		
@article {MR1062967,
    AUTHOR = {Sahi, Siddhartha and Stein, Elias M.},
     TITLE = {Analysis in matrix space and {S}peh's representations},
   JOURNAL = {Invent. Math.},
  FJOURNAL = {Inventiones Mathematicae},
    VOLUME = {101},
      YEAR = {1990},
    NUMBER = {2},
     PAGES = {379--393},
      ISSN = {0020-9910},
   MRCLASS = {22E46 (22E30)},
  MRNUMBER = {1062967},
MRREVIEWER = {Brian E. Blank},
       DOI = {10.1007/BF01231507},
       URL = {https://doi-org.colorado.idm.oclc.org/10.1007/BF01231507},
}
		
@article {MR1056560,
    AUTHOR = {Stein, E. M. and Wainger, S.},
     TITLE = {Discrete analogues of singular {R}adon transforms},
   JOURNAL = {Bull. Amer. Math. Soc. (N.S.)},
  FJOURNAL = {American Mathematical Society. Bulletin. New Series},
    VOLUME = {23},
      YEAR = {1990},
    NUMBER = {2},
     PAGES = {537--544},
      ISSN = {0273-0979},
   MRCLASS = {42B20 (44A12)},
  MRNUMBER = {1056560},
MRREVIEWER = {Steven George Krantz},
       DOI = {10.1090/S0273-0979-1990-15973-7},
       URL = {https://doi-org.colorado.idm.oclc.org/10.1090/S0273-0979-1990-15973-7},
}
		
@article {MR1050701,
    AUTHOR = {Lieb, Elliott H. and Stein, Elias M. and Wightman, Arthur S.},
     TITLE = {Valentine {B}argmann 1908--1989},
   JOURNAL = {Notices Amer. Math. Soc.},
  FJOURNAL = {Notices of the American Mathematical Society},
    VOLUME = {37},
      YEAR = {1990},
    NUMBER = {4},
     PAGES = {440--441},
      ISSN = {0002-9920},
   MRCLASS = {01A70},
  MRNUMBER = {1050701},
}
		
@incollection {MR1044793,
    AUTHOR = {Nagel, A. and Ricci, F. and Stein, E. M.},
     TITLE = {Harmonic analysis and fundamental solutions on nilpotent {L}ie
              groups},
 BOOKTITLE = {Analysis and partial differential equations},
    SERIES = {Lecture Notes in Pure and Appl. Math.},
    VOLUME = {122},
     PAGES = {249--275},
 PUBLISHER = {Dekker, New York},
      YEAR = {1990},
   MRCLASS = {22E30 (42B20)},
  MRNUMBER = {1044793},
}
		
@article {MR1041180,
    AUTHOR = {Sogge, C. D. and Stein, E. M.},
     TITLE = {Averages over hypersurfaces. {S}moothness of generalized
              {R}adon transforms},
   JOURNAL = {J. Analyse Math.},
  FJOURNAL = {Journal d'Analyse Math\'{e}matique},
    VOLUME = {54},
      YEAR = {1990},
     PAGES = {165--188},
      ISSN = {0021-7670},
   MRCLASS = {58G15 (44A12)},
  MRNUMBER = {1041180},
MRREVIEWER = {Eric Grinberg},
       DOI = {10.1007/BF02796147},
       URL = {https://doi-org.colorado.idm.oclc.org/10.1007/BF02796147},
}
		
@article {MR1026972,
    AUTHOR = {Nagel, A. and Ricci, F. and Stein, E. M.},
     TITLE = {Fundamental solutions and harmonic analysis on nilpotent
              groups},
   JOURNAL = {Bull. Amer. Math. Soc. (N.S.)},
  FJOURNAL = {American Mathematical Society. Bulletin. New Series},
    VOLUME = {23},
      YEAR = {1990},
    NUMBER = {1},
     PAGES = {139--144},
      ISSN = {0273-0979},
   MRCLASS = {58G35 (22E25 22E30 35H05)},
  MRNUMBER = {1026972},
MRREVIEWER = {L. Corwin},
       DOI = {10.1090/S0273-0979-1990-15920-8},
       URL = {https://doi-org.colorado.idm.oclc.org/10.1090/S0273-0979-1990-15920-8},
}
		
@article {MR1021141,
    AUTHOR = {Ricci, Fulvio and Stein, Elias M.},
     TITLE = {Harmonic analysis on nilpotent groups and singular integrals.
              {III}. {F}ractional integration along manifolds},
   JOURNAL = {J. Funct. Anal.},
  FJOURNAL = {Journal of Functional Analysis},
    VOLUME = {86},
      YEAR = {1989},
    NUMBER = {2},
     PAGES = {360--389},
      ISSN = {0022-1236},
   MRCLASS = {22E30 (42B20 47G05)},
  MRNUMBER = {1021141},
MRREVIEWER = {Detlef H. M\"{u}ller},
       DOI = {10.1016/0022-1236(89)90057-8},
       URL = {https://doi-org.colorado.idm.oclc.org/10.1016/0022-1236(89)90057-8},
}
		
@article {MR1016425,
    AUTHOR = {Phong, D. H. and Stein, E. M.},
     TITLE = {Singular {R}adon transforms and oscillatory integrals},
   JOURNAL = {Duke Math. J.},
  FJOURNAL = {Duke Mathematical Journal},
    VOLUME = {58},
      YEAR = {1989},
    NUMBER = {2},
     PAGES = {347--369},
      ISSN = {0012-7094},
   MRCLASS = {42B20 (44A15 58G15)},
  MRNUMBER = {1016425},
MRREVIEWER = {Gerald B. Folland},
       DOI = {10.1215/S0012-7094-89-05816-X},
       URL = {https://doi-org.colorado.idm.oclc.org/10.1215/S0012-7094-89-05816-X},
}
		
@incollection {MR1003143,
    AUTHOR = {Stein, E. M.},
     TITLE = {Commentary on {F}ourier analysis},
 BOOKTITLE = {A century of mathematics in {A}merica, {P}art {II}},
    SERIES = {Hist. Math.},
    VOLUME = {2},
     PAGES = {355--356},
 PUBLISHER = {Amer. Math. Soc., Providence, RI},
      YEAR = {1989},
   MRCLASS = {01A60 (42-03)},
  MRNUMBER = {1003143},
}
		
@article {MR979602,
    AUTHOR = {Nagel, A. and Rosay, J.-P. and Stein, E. M. and Wainger, S.},
     TITLE = {Estimates for the {B}ergman and {S}zeg\H{o} kernels in {${\bf
              C}^2$}},
   JOURNAL = {Ann. of Math. (2)},
  FJOURNAL = {Annals of Mathematics. Second Series},
    VOLUME = {129},
      YEAR = {1989},
    NUMBER = {1},
     PAGES = {113--149},
      ISSN = {0003-486X},
   MRCLASS = {32H10 (32H15 35N15 46E20)},
  MRNUMBER = {979602},
MRREVIEWER = {M. Skwarczy\'{n}ski},
       DOI = {10.2307/1971487},
       URL = {https://doi-org.colorado.idm.oclc.org/10.2307/1971487},
}
		
@book {MR1060104,
    AUTHOR = {Stein, Elias M.},
     TITLE = {Problems in harmonic analysis related to oscillatory integrals
              and curvature},
    SERIES = {ICM Series},
      NOTE = {A plenary address presented at the International Congress of
              Mathematicians held in Berkeley, California, August 1986,
              Introduced by Ray A. Kunze},
 PUBLISHER = {American Mathematical Society, Providence, RI},
      YEAR = {1988},
     PAGES = {1 videocassette (NTSC; 1/2 inch; VHS) (60 min.); sd., col},
   MRCLASS = {42B20 (42B25)},
  MRNUMBER = {1060104},
}
		
@article {MR971211,
    AUTHOR = {Chang, D. C. and Nagel, A. and Stein, E. M.},
     TITLE = {Estimates for the {$\overline\partial$}-{N}eumann problem for
              pseudoconvex domains in {${\bf C}^2$} of finite type},
   JOURNAL = {Proc. Nat. Acad. Sci. U.S.A.},
  FJOURNAL = {Proceedings of the National Academy of Sciences of the United
              States of America},
    VOLUME = {85},
      YEAR = {1988},
    NUMBER = {23},
     PAGES = {8771--8774},
      ISSN = {0027-8424},
   MRCLASS = {32F20 (35N15)},
  MRNUMBER = {971211},
       DOI = {10.1073/pnas.85.23.8771},
       URL = {https://doi-org.colorado.idm.oclc.org/10.1073/pnas.85.23.8771},
}
		
@article {MR937632,
    AUTHOR = {Ricci, Fulvio and Stein, Elias M.},
     TITLE = {Harmonic analysis on nilpotent groups and singular integrals.
              {II}. {S}ingular kernels supported on submanifolds},
   JOURNAL = {J. Funct. Anal.},
  FJOURNAL = {Journal of Functional Analysis},
    VOLUME = {78},
      YEAR = {1988},
    NUMBER = {1},
     PAGES = {56--84},
      ISSN = {0022-1236},
   MRCLASS = {42B20 (22E30 47G05)},
  MRNUMBER = {937632},
MRREVIEWER = {Detlef H. M\"{u}ller},
       DOI = {10.1016/0022-1236(88)90132-2},
       URL = {https://doi-org.colorado.idm.oclc.org/10.1016/0022-1236(88)90132-2},
}
		
@article {MR919661,
    AUTHOR = {Nagel, Alexander and Rosay, Jean-Pierre and Stein, Elias M.
              and Wainger, Stephen},
     TITLE = {Estimates for the {B}ergman and {S}zeg\H{o} kernels in certain
              weakly pseudoconvex domains},
   JOURNAL = {Bull. Amer. Math. Soc. (N.S.)},
  FJOURNAL = {American Mathematical Society. Bulletin. New Series},
    VOLUME = {18},
      YEAR = {1988},
    NUMBER = {1},
     PAGES = {55--59},
      ISSN = {0273-0979},
   MRCLASS = {32H10},
  MRNUMBER = {919661},
MRREVIEWER = {Steven R. Bell},
       DOI = {10.1090/S0273-0979-1988-15598-X},
       URL = {https://doi-org.colorado.idm.oclc.org/10.1090/S0273-0979-1988-15598-X},
}
		
@inproceedings {MR934224,
    AUTHOR = {Stein, E. M.},
     TITLE = {Problems in harmonic analysis related to curvature and
              oscillatory integrals},
 BOOKTITLE = {Proceedings of the {I}nternational {C}ongress of
              {M}athematicians, {V}ol. 1, 2 ({B}erkeley, {C}alif., 1986)},
     PAGES = {196--221},
 PUBLISHER = {Amer. Math. Soc., Providence, RI},
      YEAR = {1987},
   MRCLASS = {42B20 (42B25)},
  MRNUMBER = {934224},
MRREVIEWER = {Gerald B. Folland},
}
		
@article {MR890662,
    AUTHOR = {Ricci, Fulvio and Stein, E. M.},
     TITLE = {Harmonic analysis on nilpotent groups and singular integrals.
              {I}. {O}scillatory integrals},
   JOURNAL = {J. Funct. Anal.},
  FJOURNAL = {Journal of Functional Analysis},
    VOLUME = {73},
      YEAR = {1987},
    NUMBER = {1},
     PAGES = {179--194},
      ISSN = {0022-1236},
   MRCLASS = {42B20 (22E30 43A80 58G15)},
  MRNUMBER = {890662},
MRREVIEWER = {Detlef H. M\"{u}ller},
       DOI = {10.1016/0022-1236(87)90064-4},
       URL = {https://doi-org.colorado.idm.oclc.org/10.1016/0022-1236(87)90064-4},
}
		
@article {MR866432,
    AUTHOR = {Christ, Michael and Stein, Elias M.},
     TITLE = {A remark on singular {C}alder\'{o}n-{Z}ygmund theory},
   JOURNAL = {Proc. Amer. Math. Soc.},
  FJOURNAL = {Proceedings of the American Mathematical Society},
    VOLUME = {99},
      YEAR = {1987},
    NUMBER = {1},
     PAGES = {71--75},
      ISSN = {0002-9939},
   MRCLASS = {42B25},
  MRNUMBER = {866432},
MRREVIEWER = {A. El Kohen},
       DOI = {10.2307/2046273},
       URL = {https://doi-org.colorado.idm.oclc.org/10.2307/2046273},
}
		
@incollection {MR864375,
    AUTHOR = {Stein, E. M.},
     TITLE = {Oscillatory integrals in {F}ourier analysis},
 BOOKTITLE = {Beijing lectures in harmonic analysis ({B}eijing, 1984)},
    SERIES = {Ann. of Math. Stud.},
    VOLUME = {112},
     PAGES = {307--355},
 PUBLISHER = {Princeton Univ. Press, Princeton, NJ},
      YEAR = {1986},
   MRCLASS = {42B20 (41A60 42B10 58G15)},
  MRNUMBER = {864375},
MRREVIEWER = {Norman J. Weiss},
}
		
@article {MR857680,
    AUTHOR = {Phong, D. H. and Stein, E. M.},
     TITLE = {Hilbert integrals, singular integrals, and {R}adon transforms.
              {I}},
   JOURNAL = {Acta Math.},
  FJOURNAL = {Acta Mathematica},
    VOLUME = {157},
      YEAR = {1986},
    NUMBER = {1-2},
     PAGES = {99--157},
      ISSN = {0001-5962},
   MRCLASS = {42B20 (35N15 47G05)},
  MRNUMBER = {857680},
MRREVIEWER = {Gerald B. Folland},
       DOI = {10.1007/BF02392592},
       URL = {https://doi-org.colorado.idm.oclc.org/10.1007/BF02392592},
}
		
@article {MR856844,
    AUTHOR = {Sogge, Christopher D. and Stein, Elias M.},
     TITLE = {Averages over hypersurfaces. {II}},
   JOURNAL = {Invent. Math.},
  FJOURNAL = {Inventiones Mathematicae},
    VOLUME = {86},
      YEAR = {1986},
    NUMBER = {2},
     PAGES = {233--242},
      ISSN = {0020-9910},
   MRCLASS = {42B25},
  MRNUMBER = {856844},
MRREVIEWER = {Alberto Torchinsky},
       DOI = {10.1007/BF01389070},
       URL = {https://doi-org.colorado.idm.oclc.org/10.1007/BF01389070},
}
		
@article {MR853446,
    AUTHOR = {Phong, D. H. and Stein, E. M.},
     TITLE = {Hilbert integrals, singular integrals, and {R}adon transforms.
              {II}},
   JOURNAL = {Invent. Math.},
  FJOURNAL = {Inventiones Mathematicae},
    VOLUME = {86},
      YEAR = {1986},
    NUMBER = {1},
     PAGES = {75--113},
      ISSN = {0020-9910},
   MRCLASS = {42B20 (35N15 47G05)},
  MRNUMBER = {853446},
MRREVIEWER = {Gerald B. Folland},
       DOI = {10.1007/BF01391496},
       URL = {https://doi-org.colorado.idm.oclc.org/10.1007/BF01391496},
}
		
@article {MR850621,
    AUTHOR = {Ricci, Fulvio and Stein, Elias M.},
     TITLE = {Homogeneous distributions on spaces of {H}ermitean matrices},
   JOURNAL = {J. Reine Angew. Math.},
  FJOURNAL = {Journal f\"{u}r die Reine und Angewandte Mathematik. [Crelle's
              Journal]},
    VOLUME = {368},
      YEAR = {1986},
     PAGES = {142--164},
      ISSN = {0075-4102},
   MRCLASS = {46F10 (22E30 46F12)},
  MRNUMBER = {850621},
MRREVIEWER = {Jacques Faraut},
}
		
@article {MR822187,
    AUTHOR = {Ricci, F. and Stein, E. M.},
     TITLE = {Oscillatory singular integrals and harmonic analysis on
              nilpotent groups},
   JOURNAL = {Proc. Nat. Acad. Sci. U.S.A.},
  FJOURNAL = {Proceedings of the National Academy of Sciences of the United
              States of America},
    VOLUME = {83},
      YEAR = {1986},
    NUMBER = {1},
     PAGES = {1--3},
      ISSN = {0027-8424},
   MRCLASS = {22E30 (42B20 43A80)},
  MRNUMBER = {822187},
       DOI = {10.1073/pnas.83.1.1},
       URL = {https://doi-org.colorado.idm.oclc.org/10.1073/pnas.83.1.1},
}
		
@incollection {MR848150,
    AUTHOR = {Stein, E. M.},
     TITLE = {Three variations on the theme of maximal functions},
 BOOKTITLE = {Recent progress in {F}ourier analysis ({E}l {E}scorial, 1983)},
    SERIES = {North-Holland Math. Stud.},
    VOLUME = {111},
     PAGES = {229--244},
 PUBLISHER = {North-Holland, Amsterdam},
      YEAR = {1985},
   MRCLASS = {42B25},
  MRNUMBER = {848150},
MRREVIEWER = {Jos\'{e} L. Rubio de Francia},
       DOI = {10.1016/S0304-0208(08)70288-3},
       URL = {https://doi-org.colorado.idm.oclc.org/10.1016/S0304-0208(08)70288-3},
}
@inproceedings {MR832002,
    AUTHOR = {Stein, E. M.},
     TITLE = {Some oscillatory integrals and their applications},
 BOOKTITLE = {Proceedings of the conference on partial differential
              equations, {V}ol. 1, 2 ({S}aint {J}ean de {M}onts, 1985)},
     PAGES = {Exp. No. 4, 5},
 PUBLISHER = {Soc. Math. France, Paris},
      YEAR = {1985},
   MRCLASS = {58G15 (22E30 32F20)},
  MRNUMBER = {832002},
}
		
@incollection {MR825516,
    AUTHOR = {Stein, E. M.},
     TITLE = {Radon singular integrals},
 BOOKTITLE = {Miniconference on linear analysis and function spaces
              ({C}anberra, 1984)},
    SERIES = {Proc. Centre Math. Anal. Austral. Nat. Univ.},
    VOLUME = {9},
     PAGES = {114--119},
 PUBLISHER = {Austral. Nat. Univ., Canberra},
      YEAR = {1985},
   MRCLASS = {42B20 (22E30 58G99)},
  MRNUMBER = {825516},
}
		
@incollection {MR819789,
    AUTHOR = {Stein, E. M.},
     TITLE = {Some oscillatory integrals and their applications},
 BOOKTITLE = {Bony-{S}j\"{o}strand-{M}eyer seminar, 1984--1985},
     PAGES = {Exp. No. 23, 6},
 PUBLISHER = {\'{E}cole Polytech., Palaiseau},
      YEAR = {1985},
   MRCLASS = {42B20 (22E30 42B15 44A15)},
  MRNUMBER = {819789},
}
		
@article {MR811550,
    AUTHOR = {Sogge, Christopher D. and Stein, Elias M.},
     TITLE = {Averages of functions over hypersurfaces in {${\bf R}^n$}},
   JOURNAL = {Invent. Math.},
  FJOURNAL = {Inventiones Mathematicae},
    VOLUME = {82},
      YEAR = {1985},
    NUMBER = {3},
     PAGES = {543--556},
      ISSN = {0020-9910},
   MRCLASS = {42B25},
  MRNUMBER = {811550},
MRREVIEWER = {Alberto Torchinsky},
       DOI = {10.1007/BF01388869},
       URL = {https://doi-org.colorado.idm.oclc.org/10.1007/BF01388869},
}
		
@article {MR793239,
    AUTHOR = {Nagel, Alexander and Stein, Elias M. and Wainger, Stephen},
     TITLE = {Balls and metrics defined by vector fields. {I}. {B}asic
              properties},
   JOURNAL = {Acta Math.},
  FJOURNAL = {Acta Mathematica},
    VOLUME = {155},
      YEAR = {1985},
    NUMBER = {1-2},
     PAGES = {103--147},
      ISSN = {0001-5962},
   MRCLASS = {46E35 (26D10 32F20 35H05 46N05 58G05)},
  MRNUMBER = {793239},
MRREVIEWER = {Gerald B. Folland},
       DOI = {10.1007/BF02392539},
       URL = {https://doi-org.colorado.idm.oclc.org/10.1007/BF02392539},
}
		
@article {MR791851,
    AUTHOR = {Coifman, R. R. and Meyer, Y. and Stein, E. M.},
     TITLE = {Some new function spaces and their applications to harmonic
              analysis},
   JOURNAL = {J. Funct. Anal.},
  FJOURNAL = {Journal of Functional Analysis},
    VOLUME = {62},
      YEAR = {1985},
    NUMBER = {2},
     PAGES = {304--335},
      ISSN = {0022-1236},
   MRCLASS = {46E30 (42B25 46E99)},
  MRNUMBER = {791851},
MRREVIEWER = {J\"{o}ran Bergh},
       DOI = {10.1016/0022-1236(85)90007-2},
       URL = {https://doi-org.colorado.idm.oclc.org/10.1016/0022-1236(85)90007-2},
}
		
@article {MR761764,
    AUTHOR = {Nagel, Alexander and Stein, Elias M.},
     TITLE = {On certain maximal functions and approach regions},
   JOURNAL = {Adv. in Math.},
  FJOURNAL = {Advances in Mathematics},
    VOLUME = {54},
      YEAR = {1984},
    NUMBER = {1},
     PAGES = {83--106},
      ISSN = {0001-8708},
   MRCLASS = {42B25 (46E99)},
  MRNUMBER = {761764},
MRREVIEWER = {Takahide Kurokawa},
       DOI = {10.1016/0001-8708(84)90038-0},
       URL = {https://doi-org.colorado.idm.oclc.org/10.1016/0001-8708(84)90038-0},
}
		
@article {MR737332,
    AUTHOR = {Geller, D. and Stein, E. M.},
     TITLE = {Estimates for singular convolution operators on the
              {H}eisenberg group},
   JOURNAL = {Math. Ann.},
  FJOURNAL = {Mathematische Annalen},
    VOLUME = {267},
      YEAR = {1984},
    NUMBER = {1},
     PAGES = {1--15},
      ISSN = {0025-5831},
   MRCLASS = {43A80 (22E30 43A30 47B38)},
  MRNUMBER = {737332},
MRREVIEWER = {Gerald B. Folland},
       DOI = {10.1007/BF01458467},
       URL = {https://doi-org.colorado.idm.oclc.org/10.1007/BF01458467},
}
		
@incollection {MR730077,
    AUTHOR = {Phong, D. H. and Stein, E. M.},
     TITLE = {Singular integrals with kernels of mixed homogeneities},
 BOOKTITLE = {Conference on harmonic analysis in honor of {A}ntoni
              {Z}ygmund, {V}ol. {I}, {II} ({C}hicago, {I}ll., 1981)},
    SERIES = {Wadsworth Math. Ser.},
     PAGES = {327--339},
 PUBLISHER = {Wadsworth, Belmont, CA},
      YEAR = {1983},
   MRCLASS = {42B20 (32F20 35H05 47G05)},
  MRNUMBER = {730077},
}
		
@incollection {MR730055,
    AUTHOR = {Stein, E. M.},
     TITLE = {The development of square functions in the work of {A}.
              {Z}ygmund},
 BOOKTITLE = {Conference on harmonic analysis in honor of {A}ntoni
              {Z}ygmund, {V}ol. {I}, {II} ({C}hicago, {I}ll., 1981)},
    SERIES = {Wadsworth Math. Ser.},
     PAGES = {2--30},
 PUBLISHER = {Wadsworth, Belmont, CA},
      YEAR = {1983},
   MRCLASS = {01A60 (01A70 42-03)},
  MRNUMBER = {730055},
MRREVIEWER = {R. L. Cooke},
}
		
@incollection {MR729354,
    AUTHOR = {Stein, E. M.},
     TITLE = {An {$H^{1}$} function with nonsummable {F}ourier expansion},
 BOOKTITLE = {Harmonic analysis ({C}ortona, 1982)},
    SERIES = {Lecture Notes in Math.},
    VOLUME = {992},
     PAGES = {193--200},
 PUBLISHER = {Springer, Berlin},
      YEAR = {1983},
   MRCLASS = {42B05},
  MRNUMBER = {729354},
MRREVIEWER = {M. Cotlar},
       DOI = {10.1007/BFb0069159},
       URL = {https://doi-org.colorado.idm.oclc.org/10.1007/BFb0069159},
}
		
@incollection {MR729344,
    AUTHOR = {Coifman, R. R. and Meyer, Y. and Stein, E. M.},
     TITLE = {Un nouvel \'{e}space fonctionnel adapt\'{e} \`a l'\'{e}tude des op\'{e}rateurs
              d\'{e}finis par des int\'{e}grales singuli\`eres},
 BOOKTITLE = {Harmonic analysis ({C}ortona, 1982)},
    SERIES = {Lecture Notes in Math.},
    VOLUME = {992},
     PAGES = {1--15},
 PUBLISHER = {Springer, Berlin},
      YEAR = {1983},
   MRCLASS = {42B20 (46E15)},
  MRNUMBER = {729344},
       DOI = {10.1007/BFb0069149},
       URL = {https://doi-org.colorado.idm.oclc.org/10.1007/BFb0069149},
}
		
@article {MR728667,
    AUTHOR = {Phong, D. H. and Stein, E. M.},
     TITLE = {Singular integrals related to the {R}adon transform and
              boundary value problems},
   JOURNAL = {Proc. Nat. Acad. Sci. U.S.A.},
  FJOURNAL = {Proceedings of the National Academy of Sciences of the United
              States of America},
    VOLUME = {80},
      YEAR = {1983},
    NUMBER = {24, , Phys. Sci.},
     PAGES = {7697--7701},
      ISSN = {0027-8424},
   MRCLASS = {42B20 (42B25 43A80 44A15 45E99)},
  MRNUMBER = {728667},
MRREVIEWER = {Steven George Krantz},
       DOI = {10.1073/pnas.80.24.7697},
       URL = {https://doi-org.colorado.idm.oclc.org/10.1073/pnas.80.24.7697},
}
		
@article {MR727348,
    AUTHOR = {Stein, E. M. and Str\"{o}mberg, J.-O.},
     TITLE = {Behavior of maximal functions in {${\bf R}^{n}$} for large
              {$n$}},
   JOURNAL = {Ark. Mat.},
  FJOURNAL = {Arkiv f\"{o}r Matematik},
    VOLUME = {21},
      YEAR = {1983},
    NUMBER = {2},
     PAGES = {259--269},
      ISSN = {0004-2080},
   MRCLASS = {42B25},
  MRNUMBER = {727348},
MRREVIEWER = {Gerald B. Folland},
       DOI = {10.1007/BF02384314},
       URL = {https://doi-org.colorado.idm.oclc.org/10.1007/BF02384314},
}
		
@article {MR722726,
    AUTHOR = {Stein, E. M.},
     TITLE = {Boundary behavior of harmonic functions on symmetric spaces:
              maximal estimates for {P}oisson integrals},
   JOURNAL = {Invent. Math.},
  FJOURNAL = {Inventiones Mathematicae},
    VOLUME = {74},
      YEAR = {1983},
    NUMBER = {1},
     PAGES = {63--83},
      ISSN = {0020-9910},
   MRCLASS = {22E30 (43A55)},
  MRNUMBER = {722726},
MRREVIEWER = {A. Kor\'{a}nyi},
       DOI = {10.1007/BF01388531},
       URL = {https://doi-org.colorado.idm.oclc.org/10.1007/BF01388531},
}
		
@article {MR699317,
    AUTHOR = {Stein, E. M.},
     TITLE = {Some results in harmonic analysis in {${\bf R}^{n}$}, for
              {$n\rightarrow \infty $}},
   JOURNAL = {Bull. Amer. Math. Soc. (N.S.)},
  FJOURNAL = {American Mathematical Society. Bulletin. New Series},
    VOLUME = {9},
      YEAR = {1983},
    NUMBER = {1},
     PAGES = {71--73},
      ISSN = {0273-0979},
   MRCLASS = {42B25 (42B20)},
  MRNUMBER = {699317},
       DOI = {10.1090/S0273-0979-1983-15157-1},
       URL = {https://doi-org.colorado.idm.oclc.org/10.1090/S0273-0979-1983-15157-1},
}
		
@article {MR687499,
    AUTHOR = {Fefferman, R. and Gundy, R. and Silverstein, M. and Stein, E.
              M.},
     TITLE = {Inequalities for ratios of functionals of harmonic functions},
   JOURNAL = {Proc. Nat. Acad. Sci. U.S.A.},
  FJOURNAL = {Proceedings of the National Academy of Sciences of the United
              States of America},
    VOLUME = {79},
      YEAR = {1982},
    NUMBER = {24, part 1},
     PAGES = {7958--7960},
      ISSN = {0027-8424},
   MRCLASS = {42B30},
  MRNUMBER = {687499},
       DOI = {10.1073/pnas.79.24.7958},
       URL = {https://doi-org.colorado.idm.oclc.org/10.1073/pnas.79.24.7958},
}
		
@article {MR674401,
    AUTHOR = {Stein, E. M.},
     TITLE = {An example on the {H}eisenberg group related to the {L}ewy
              operator},
   JOURNAL = {Invent. Math.},
  FJOURNAL = {Inventiones Mathematicae},
    VOLUME = {69},
      YEAR = {1982},
    NUMBER = {2},
     PAGES = {209--216},
      ISSN = {0020-9910},
   MRCLASS = {35H05 (22E30 32F20)},
  MRNUMBER = {674401},
MRREVIEWER = {David S. Tartakoff},
       DOI = {10.1007/BF01399501},
       URL = {https://doi-org.colorado.idm.oclc.org/10.1007/BF01399501},
}
		
@article {MR667786,
    AUTHOR = {Oberlin, D. M. and Stein, E. M.},
     TITLE = {Mapping properties of the {R}adon transform},
   JOURNAL = {Indiana Univ. Math. J.},
  FJOURNAL = {Indiana University Mathematics Journal},
    VOLUME = {31},
      YEAR = {1982},
    NUMBER = {5},
     PAGES = {641--650},
      ISSN = {0022-2518},
   MRCLASS = {44A15 (47A30)},
  MRNUMBER = {667786},
MRREVIEWER = {Richard Bagby},
       DOI = {10.1512/iumj.1982.31.31046},
       URL = {https://doi-org.colorado.idm.oclc.org/10.1512/iumj.1982.31.31046},
}
		
@article {MR664621,
    AUTHOR = {Fefferman, Robert and Stein, Elias M.},
     TITLE = {Singular integrals on product spaces},
   JOURNAL = {Adv. in Math.},
  FJOURNAL = {Advances in Mathematics},
    VOLUME = {45},
      YEAR = {1982},
    NUMBER = {2},
     PAGES = {117--143},
      ISSN = {0001-8708},
   MRCLASS = {42B20 (44A35)},
  MRNUMBER = {664621},
MRREVIEWER = {Akihiko Miyachi},
       DOI = {10.1016/S0001-8708(82)80001-7},
       URL = {https://doi-org.colorado.idm.oclc.org/10.1016/S0001-8708(82)80001-7},
}
		
@article {MR663787,
    AUTHOR = {Stein, E. M.},
     TITLE = {The development of square functions in the work of {A}.
              {Z}ygmund},
   JOURNAL = {Bull. Amer. Math. Soc. (N.S.)},
  FJOURNAL = {American Mathematical Society. Bulletin. New Series},
    VOLUME = {7},
      YEAR = {1982},
    NUMBER = {2},
     PAGES = {359--376},
      ISSN = {0273-0979},
   MRCLASS = {42-02 (01A60 42-03 42B99)},
  MRNUMBER = {663787},
MRREVIEWER = {Roger L. Jones},
       DOI = {10.1090/S0273-0979-1982-15040-6},
       URL = {https://doi-org.colorado.idm.oclc.org/10.1090/S0273-0979-1982-15040-6},
}
		
@book {MR657581,
    AUTHOR = {Folland, G. B. and Stein, Elias M.},
     TITLE = {Hardy spaces on homogeneous groups},
    SERIES = {Mathematical Notes},
    VOLUME = {28},
 PUBLISHER = {Princeton University Press, Princeton, N.J.; University of
              Tokyo Press, Tokyo},
      YEAR = {1982},
     PAGES = {xii+285},
      ISBN = {0-691-08310-X},
   MRCLASS = {43A85 (22E45 42B30)},
  MRNUMBER = {657581},
MRREVIEWER = {Daryl Geller},
}
		
@article {MR648484,
    AUTHOR = {Phong, D. H. and Stein, E. M.},
     TITLE = {Some further classes of pseudodifferential and
              singular-integral operators arising in boundary value
              problems. {I}. {C}omposition of operators},
   JOURNAL = {Amer. J. Math.},
  FJOURNAL = {American Journal of Mathematics},
    VOLUME = {104},
      YEAR = {1982},
    NUMBER = {1},
     PAGES = {141--172},
      ISSN = {0002-9327},
   MRCLASS = {35S05 (43A80 45E99 47G05)},
  MRNUMBER = {648484},
       DOI = {10.2307/2374071},
       URL = {https://doi-org.colorado.idm.oclc.org/10.2307/2374071},
}
		
@article {MR634441,
    AUTHOR = {Geller, D. and Stein, E. M.},
     TITLE = {Singular convolution operators on the {H}eisenberg group},
   JOURNAL = {Bull. Amer. Math. Soc. (N.S.)},
  FJOURNAL = {American Mathematical Society. Bulletin. New Series},
    VOLUME = {6},
      YEAR = {1982},
    NUMBER = {1},
     PAGES = {99--103},
      ISSN = {0273-0979},
   MRCLASS = {43A30 (22E25 42B10 43A22 47B38)},
  MRNUMBER = {634441},
MRREVIEWER = {A. S. Dynin},
       DOI = {10.1090/S0273-0979-1982-14977-1},
       URL = {https://doi-org.colorado.idm.oclc.org/10.1090/S0273-0979-1982-14977-1},
}
		
@incollection {MR644838,
    AUTHOR = {Knapp, A. W. and Stein, E. M.},
     TITLE = {Some new intertwining operators for semisimple groups},
 BOOKTITLE = {Noncommutative harmonic analysis and {L}ie groups
              ({M}arseille, 1980)},
    SERIES = {Lecture Notes in Math.},
    VOLUME = {880},
     PAGES = {303--336},
 PUBLISHER = {Springer, Berlin-New York},
      YEAR = {1981},
   MRCLASS = {22E46},
  MRNUMBER = {644838},
MRREVIEWER = {P. C. Trombi},
}
		
@article {MR639468,
    AUTHOR = {Stein, Elias M. and Taibleson, Mitchell H. and Weiss, Guido},
     TITLE = {Weak type estimates for maximal operators on certain
              {$H^{p}$}\ classes},
 BOOKTITLE = {Proceedings of the {S}eminar on {H}armonic {A}nalysis ({P}isa,
              1980)},
   JOURNAL = {Rend. Circ. Mat. Palermo (2)},
  FJOURNAL = {Rendiconti del Circolo Matematico di Palermo. Serie II},
      YEAR = {1981},
    NUMBER = {suppl. 1},
     PAGES = {81--97},
      ISSN = {0009-725X},
   MRCLASS = {42B30 (42B25)},
  MRNUMBER = {639468},
MRREVIEWER = {Alberto Torchinsky},
}
		
@article {MR634936,
    AUTHOR = {Nagel, Alexander and Stein, Elias M. and Wainger, Stephen},
     TITLE = {Boundary behavior of functions holomorphic in domains of
              finite type},
   JOURNAL = {Proc. Nat. Acad. Sci. U.S.A.},
  FJOURNAL = {Proceedings of the National Academy of Sciences of the United
              States of America},
    VOLUME = {78},
      YEAR = {1981},
    NUMBER = {11, part 1},
     PAGES = {6596--6599},
      ISSN = {0027-8424},
   MRCLASS = {32A40 (31B20 32E35 42B25)},
  MRNUMBER = {634936},
       DOI = {10.1073/pnas.78.11.6596},
       URL = {https://doi-org.colorado.idm.oclc.org/10.1073/pnas.78.11.6596},
}
		
@article {MR607898,
    AUTHOR = {Stein, E. M.},
     TITLE = {Editor's note: the differentiability of functions in {${\bf
              R}^{n}$}},
   JOURNAL = {Ann. of Math. (2)},
  FJOURNAL = {Annals of Mathematics. Second Series},
    VOLUME = {113},
      YEAR = {1981},
    NUMBER = {2},
     PAGES = {383--385},
      ISSN = {0003-486X},
   MRCLASS = {35J67 (26B99)},
  MRNUMBER = {607898},
       URL =
              {http://links.jstor.org.colorado.idm.oclc.org/sici?sici=0003-486X(198103)2:113:2<383:ENTDOF>2.0.CO;2-4&origin=MSN},
}
		
@article {MR582703,
    AUTHOR = {Knapp, A. W. and Stein, E. M.},
     TITLE = {Intertwining operators for semisimple groups. {II}},
   JOURNAL = {Invent. Math.},
  FJOURNAL = {Inventiones Mathematicae},
    VOLUME = {60},
      YEAR = {1980},
    NUMBER = {1},
     PAGES = {9--84},
      ISSN = {0020-9910},
   MRCLASS = {22E46},
  MRNUMBER = {582703},
MRREVIEWER = {P. C. Trombi},
       DOI = {10.1007/BF01389898},
       URL = {https://doi-org.colorado.idm.oclc.org/10.1007/BF01389898},
}
		
@book {MR549321,
    AUTHOR = {Nagel, Alexander and Stein, E. M.},
     TITLE = {Lectures on pseudodifferential operators: regularity theorems
              and applications to nonelliptic problems},
    SERIES = {Mathematical Notes},
    VOLUME = {24},
 PUBLISHER = {Princeton University Press, Princeton, N.J.; University of
              Tokyo Press, Tokyo},
      YEAR = {1979},
     PAGES = {159},
      ISBN = {0-691-08247-2},
   MRCLASS = {47G05 (32-02 35S05 58G05)},
  MRNUMBER = {549321},
MRREVIEWER = {V. S. Rabinovich},
}
		
@article {MR548920,
    AUTHOR = {Stein, Elias M.},
     TITLE = {A variant of the area integral},
   JOURNAL = {Bull. Sci. Math. (2)},
  FJOURNAL = {Bulletin des Sciences Math\'{e}matiques. 2e S\'{e}rie},
    VOLUME = {103},
      YEAR = {1979},
    NUMBER = {4},
     PAGES = {449--461},
      ISSN = {0007-4497},
   MRCLASS = {31B30 (31B05)},
  MRNUMBER = {548920},
MRREVIEWER = {Matts Ess\'{e}n},
}
		
@incollection {MR545304,
    AUTHOR = {Nagel, Alexander and Stein, E. M.},
     TITLE = {Some new classes of pseudodifferential operators},
 BOOKTITLE = {Harmonic analysis in {E}uclidean spaces ({P}roc. {S}ympos.
              {P}ure {M}ath., {W}illiams {C}oll., {W}illiamstown, {M}ass.,
              1978), {P}art 2},
    SERIES = {Proc. Sympos. Pure Math., XXXV, Part},
     PAGES = {159--169},
 PUBLISHER = {Amer. Math. Soc., Providence, R.I.},
      YEAR = {1979},
   MRCLASS = {47G05 (35S05)},
  MRNUMBER = {545304},
}
		
@incollection {MR545242,
    AUTHOR = {Nagel, Alexander and Stein, Elias M. and Wainger, Stephen},
     TITLE = {Hilbert transforms and maximal functions related to variable
              curves},
 BOOKTITLE = {Harmonic analysis in {E}uclidean spaces ({P}roc. {S}ympos.
              {P}ure {M}ath., {W}illiams {C}oll., {W}illiamstown, {M}ass.,
              1978), {P}art 1},
    SERIES = {Proc. Sympos. Pure Math., XXXV, Part},
     PAGES = {95--98},
 PUBLISHER = {Amer. Math. Soc., Providence, R.I.},
      YEAR = {1979},
   MRCLASS = {42B25},
  MRNUMBER = {545242},
MRREVIEWER = {Hans P. Heinig},
}
		
@incollection {MR545235,
    AUTHOR = {Stein, E. M.},
     TITLE = {Some problems in harmonic analysis},
 BOOKTITLE = {Harmonic analysis in {E}uclidean spaces ({P}roc. {S}ympos.
              {P}ure {M}ath., {W}illiams {C}oll., {W}illiamstown, {M}ass.,
              1978), {P}art 1},
    SERIES = {Proc. Sympos. Pure Math., XXXV, Part},
     PAGES = {3--20},
 PUBLISHER = {Amer. Math. Soc., Providence, R.I.},
      YEAR = {1979},
   MRCLASS = {42B15 (32A35)},
  MRNUMBER = {545235},
MRREVIEWER = {R. A. Hunt},
}
		
@article {MR524328,
    AUTHOR = {Gundy, R. F. and Stein, E. M.},
     TITLE = {{$H^{p}$} theory for the poly-disc},
   JOURNAL = {Proc. Nat. Acad. Sci. U.S.A.},
  FJOURNAL = {Proceedings of the National Academy of Sciences of the United
              States of America},
    VOLUME = {76},
      YEAR = {1979},
    NUMBER = {3},
     PAGES = {1026--1029},
      ISSN = {0027-8424},
   MRCLASS = {32A35 (31B30 42B30)},
  MRNUMBER = {524328},
MRREVIEWER = {Jacques Vauthier},
       DOI = {10.1073/pnas.76.3.1026},
       URL = {https://doi-org.colorado.idm.oclc.org/10.1073/pnas.76.3.1026},
}
		
@incollection {MR681306,
    AUTHOR = {Greiner, P. C. and Stein, E. M.},
     TITLE = {On the solvability of some differential operators of type {$
              cm_{b}$}},
 BOOKTITLE = {Several complex variables ({C}ortona, 1976/1977)},
     PAGES = {106--165},
 PUBLISHER = {Scuola Norm. Sup. Pisa, Pisa},
      YEAR = {1978},
   MRCLASS = {35N15 (32F20)},
  MRNUMBER = {681306},
MRREVIEWER = {V. Gol\cprime dstein},
}
		
@article {MR508453,
    AUTHOR = {Stein, Elias M. and Wainger, Stephen},
     TITLE = {Problems in harmonic analysis related to curvature},
   JOURNAL = {Bull. Amer. Math. Soc.},
  FJOURNAL = {Bulletin of the American Mathematical Society},
    VOLUME = {84},
      YEAR = {1978},
    NUMBER = {6},
     PAGES = {1239--1295},
      ISSN = {0002-9904},
   MRCLASS = {42B20 (28A15)},
  MRNUMBER = {508453},
MRREVIEWER = {Alberto Torchinsky},
       DOI = {10.1090/S0002-9904-1978-14554-6},
       URL = {https://doi-org.colorado.idm.oclc.org/10.1090/S0002-9904-1978-14554-6},
}
		
@article {MR0508154,
    AUTHOR = {Kerzman, N. and Stein, E. M.},
     TITLE = {The {S}zeg\H{o} kernel in terms of {C}auchy-{F}antappi\`e kernels},
   JOURNAL = {Duke Math. J.},
  FJOURNAL = {Duke Mathematical Journal},
    VOLUME = {45},
      YEAR = {1978},
    NUMBER = {2},
     PAGES = {197--224},
      ISSN = {0012-7094},
   MRCLASS = {32H10 (45E05)},
  MRNUMBER = {0508154},
MRREVIEWER = {Ingo Lieb},
       URL = {http://projecteuclid.org.colorado.idm.oclc.org/euclid.dmj/1077312816},
}
		
@article {MR0487603,
    AUTHOR = {Nagel, Alexander and Stein, E. M.},
     TITLE = {A new class of pseudo-differential operators},
   JOURNAL = {Proc. Nat. Acad. Sci. U.S.A.},
  FJOURNAL = {Proceedings of the National Academy of Sciences of the United
              States of America},
    VOLUME = {75},
      YEAR = {1978},
    NUMBER = {2},
     PAGES = {582--585},
      ISSN = {0027-8424},
   MRCLASS = {47G05 (35S05 58G05)},
  MRNUMBER = {0487603},
MRREVIEWER = {A. S. Dynin},
       DOI = {10.1073/pnas.75.2.582},
       URL = {https://doi-org.colorado.idm.oclc.org/10.1073/pnas.75.2.582},
}
		
@article {MR0486468,
    AUTHOR = {Kerzman, N. and Stein, E. M.},
     TITLE = {The {C}auchy kernel, the {S}zeg\"{o} kernel, and the {R}iemann
              mapping function},
   JOURNAL = {Math. Ann.},
  FJOURNAL = {Mathematische Annalen},
    VOLUME = {236},
      YEAR = {1978},
    NUMBER = {1},
     PAGES = {85--93},
      ISSN = {0025-5831},
   MRCLASS = {30A31 (30A30)},
  MRNUMBER = {0486468},
MRREVIEWER = {Jacob Burbea},
       DOI = {10.1007/BF01420257},
       URL = {https://doi-org.colorado.idm.oclc.org/10.1007/BF01420257},
}
		
@article {MR0466470,
    AUTHOR = {Nagel, A. and Stein, E. M. and Wainger, S.},
     TITLE = {Differentiation in lacunary directions},
   JOURNAL = {Proc. Nat. Acad. Sci. U.S.A.},
  FJOURNAL = {Proceedings of the National Academy of Sciences of the United
              States of America},
    VOLUME = {75},
      YEAR = {1978},
    NUMBER = {3},
     PAGES = {1060--1062},
      ISSN = {0027-8424},
   MRCLASS = {28A15},
  MRNUMBER = {0466470},
MRREVIEWER = {Calixto P. Calderon},
       DOI = {10.1073/pnas.75.3.1060},
       URL = {https://doi-org.colorado.idm.oclc.org/10.1073/pnas.75.3.1060},
}
		
@book {MR0499319,
    AUTHOR = {Greiner, P. C. and Stein, E. M.},
     TITLE = {Estimates for the {$\overline \partial $}-{N}eumann problem},
      NOTE = {Mathematical Notes, No. 19},
 PUBLISHER = {Princeton University Press, Princeton, N.J.},
      YEAR = {1977},
     PAGES = {iv+195},
      ISBN = {0-691-08013-5},
   MRCLASS = {32F15 (35N15)},
  MRNUMBER = {0499319},
MRREVIEWER = {G. M. Henkin},
}
		
@article {MR0450623,
    AUTHOR = {Phong, D. H. and Stein, E. M.},
     TITLE = {Estimates for the {B}ergman and {S}zeg\"{o} projections on
              strongly pseudo-convex domains},
   JOURNAL = {Duke Math. J.},
  FJOURNAL = {Duke Mathematical Journal},
    VOLUME = {44},
      YEAR = {1977},
    NUMBER = {3},
     PAGES = {695--704},
      ISSN = {0012-7094},
   MRCLASS = {32H10},
  MRNUMBER = {0450623},
MRREVIEWER = {Adib Fadlalla},
       URL = {http://projecteuclid.org.colorado.idm.oclc.org/euclid.dmj/1077312391},
}
		
@article {MR0461002,
    AUTHOR = {Stein, Elias M.},
     TITLE = {Harmonic analysis on {$R^{n}$}},
 BOOKTITLE = {Studies in harmonic analysis ({P}roc. {C}onf., {D}e{P}aul
              {U}niv., {C}hicago, {I}ll., 1974)},
     PAGES = {97--135. MAA Stud. Math., Vol. 13},
 PUBLISHER = {Math. Assoc. Amer., Washington, D.C.},
      YEAR = {1976},
   MRCLASS = {42-02 (43-02)},
  MRNUMBER = {0461002},
MRREVIEWER = {Richard Bagby},
}
		
@article {MR0436223,
    AUTHOR = {Rothschild, Linda Preiss and Stein, E. M.},
     TITLE = {Hypoelliptic differential operators and nilpotent groups},
   JOURNAL = {Acta Math.},
  FJOURNAL = {Acta Mathematica},
    VOLUME = {137},
      YEAR = {1976},
    NUMBER = {3-4},
     PAGES = {247--320},
      ISSN = {0001-5962},
   MRCLASS = {58G05 (35H05)},
  MRNUMBER = {0436223},
MRREVIEWER = {Gerald B. Folland},
       DOI = {10.1007/BF02392419},
       URL = {https://doi-org.colorado.idm.oclc.org/10.1007/BF02392419},
}
		
@article {MR0433115,
    AUTHOR = {Fefferman, Ch. and Kahane, J.-P. and Stein, E. M.},
     TITLE = {The scientific achievements of {A}ntoni {Z}ygmund},
   JOURNAL = {Wiadom. Mat. (2)},
  FJOURNAL = {Roczniki Polskiego Towarzystwa Matematycznego. Seria II.
              Wiadomo\'{s}ci Matematyczne},
    VOLUME = {19},
      YEAR = {1976},
    NUMBER = {2},
     PAGES = {91--126},
      ISSN = {0373-8302},
   MRCLASS = {42-03},
  MRNUMBER = {0433115},
}
		
@article {MR0420118,
    AUTHOR = {Stein, Elias M.},
     TITLE = {Maximal functions: {P}oisson integrals on symmetric spaces},
   JOURNAL = {Proc. Nat. Acad. Sci. U.S.A.},
  FJOURNAL = {Proceedings of the National Academy of Sciences of the United
              States of America},
    VOLUME = {73},
      YEAR = {1976},
    NUMBER = {8},
     PAGES = {2547--2549},
      ISSN = {0027-8424},
   MRCLASS = {42A40 (43A85)},
  MRNUMBER = {0420118},
MRREVIEWER = {Alberto Torchinsky},
       DOI = {10.1073/pnas.73.8.2547},
       URL = {https://doi-org.colorado.idm.oclc.org/10.1073/pnas.73.8.2547},
}
		
@article {MR0420117,
    AUTHOR = {Stein, Elias M.},
     TITLE = {Maximal functions. {II}. {H}omogeneous curves},
   JOURNAL = {Proc. Nat. Acad. Sci. U.S.A.},
  FJOURNAL = {Proceedings of the National Academy of Sciences of the United
              States of America},
    VOLUME = {73},
      YEAR = {1976},
    NUMBER = {7},
     PAGES = {2176--2177},
      ISSN = {0027-8424},
   MRCLASS = {42A40 (43A85)},
  MRNUMBER = {0420117},
MRREVIEWER = {Alberto Torchinsky},
       DOI = {10.1073/pnas.73.7.2176},
       URL = {https://doi-org.colorado.idm.oclc.org/10.1073/pnas.73.7.2176},
}
		
@article {MR0420116,
    AUTHOR = {Stein, Elias M.},
     TITLE = {Maximal functions. {I}. {S}pherical means},
   JOURNAL = {Proc. Nat. Acad. Sci. U.S.A.},
  FJOURNAL = {Proceedings of the National Academy of Sciences of the United
              States of America},
    VOLUME = {73},
      YEAR = {1976},
    NUMBER = {7},
     PAGES = {2174--2175},
      ISSN = {0027-8424},
   MRCLASS = {42A40 (43A85)},
  MRNUMBER = {0420116},
MRREVIEWER = {Alberto Torchinsky},
       DOI = {10.1073/pnas.73.7.2174},
       URL = {https://doi-org.colorado.idm.oclc.org/10.1073/pnas.73.7.2174},
}
		
@article {MR0415199,
    AUTHOR = {Stein, E. M. and Wainger, S.},
     TITLE = {Maximal functions associated to smooth curves},
   JOURNAL = {Proc. Nat. Acad. Sci. U.S.A.},
  FJOURNAL = {Proceedings of the National Academy of Sciences of the United
              States of America},
    VOLUME = {73},
      YEAR = {1976},
    NUMBER = {12},
     PAGES = {4295--4296},
      ISSN = {0027-8424},
   MRCLASS = {42A92},
  MRNUMBER = {0415199},
MRREVIEWER = {R. L. Cooke},
       DOI = {10.1073/pnas.73.12.4295},
       URL = {https://doi-org.colorado.idm.oclc.org/10.1073/pnas.73.12.4295},
}
		
@article {MR0442287,
    AUTHOR = {Greiner, P. C. and Stein, E. M.},
     TITLE = {A parametrix for the {$\overline \partial $}-{N}eumann
              problem},
 BOOKTITLE = {Recontre sur l'analyse complexe \`a plusieurs variables et les
              syst\`emes surd\'{e}termin\'{e}s ({T}extes {C}onf., {U}niv. {M}ontr\'{e}al,
              {M}ontr\'{e}al, {Q}ue., 1974)},
     PAGES = {49--63},
 PUBLISHER = {Presses Univ. Montr\'{e}al, Montreal, Que.},
      YEAR = {1975},
   MRCLASS = {32F15 (35N15 58G05)},
  MRNUMBER = {0442287},
MRREVIEWER = {Makhlouf Derridj},
}
		
@article {MR0380142,
    AUTHOR = {Greiner, P. C. and Kohn, J. J. and Stein, E. M.},
     TITLE = {Necessary and sufficient conditions for solvability of the
              {L}ewy equation},
   JOURNAL = {Proc. Nat. Acad. Sci. U.S.A.},
  FJOURNAL = {Proceedings of the National Academy of Sciences of the United
              States of America},
    VOLUME = {72},
      YEAR = {1975},
    NUMBER = {9},
     PAGES = {3287--3289},
      ISSN = {0027-8424},
   MRCLASS = {35N15 (32A25 32C05 58G05)},
  MRNUMBER = {0380142},
MRREVIEWER = {Akira Asada},
       DOI = {10.1073/pnas.72.9.3287},
       URL = {https://doi-org.colorado.idm.oclc.org/10.1073/pnas.72.9.3287},
}
		
@article {MR0376964,
    AUTHOR = {Knapp, A. W. and Stein, E. M.},
     TITLE = {Singular integrals and the principal series. {IV}},
   JOURNAL = {Proc. Nat. Acad. Sci. U.S.A.},
  FJOURNAL = {Proceedings of the National Academy of Sciences of the United
              States of America},
    VOLUME = {72},
      YEAR = {1975},
     PAGES = {2459--2461},
      ISSN = {0027-8424},
   MRCLASS = {22E45},
  MRNUMBER = {0376964},
MRREVIEWER = {Garth Warner},
       DOI = {10.1073/pnas.72.6.2459},
       URL = {https://doi-org.colorado.idm.oclc.org/10.1073/pnas.72.6.2459},
}
		
@article {MR0367561,
    AUTHOR = {Clerc, J. L. and Stein, E. M.},
     TITLE = {{$L^{p}$}-multipliers for noncompact symmetric spaces},
   JOURNAL = {Proc. Nat. Acad. Sci. U.S.A.},
  FJOURNAL = {Proceedings of the National Academy of Sciences of the United
              States of America},
    VOLUME = {71},
      YEAR = {1974},
     PAGES = {3911--3912},
      ISSN = {0027-8424},
   MRCLASS = {43A85},
  MRNUMBER = {0367561},
MRREVIEWER = {A. Koranyi},
       DOI = {10.1073/pnas.71.10.3911},
       URL = {https://doi-org.colorado.idm.oclc.org/10.1073/pnas.71.10.3911},
}
		
@article {MR0367477,
    AUTHOR = {Folland, G. B. and Stein, E. M.},
     TITLE = {Estimates for the {$\bar \partial _{b}$} complex and
              analysis on the {H}eisenberg group},
   JOURNAL = {Comm. Pure Appl. Math.},
  FJOURNAL = {Communications on Pure and Applied Mathematics},
    VOLUME = {27},
      YEAR = {1974},
     PAGES = {429--522},
      ISSN = {0010-3640},
   MRCLASS = {35N15 (22E30 32K15 47G05)},
  MRNUMBER = {0367477},
MRREVIEWER = {S. G. Gindikin},
       DOI = {10.1002/cpa.3160270403},
       URL = {https://doi-org.colorado.idm.oclc.org/10.1002/cpa.3160270403},
}
		
@article {MR0367116,
    AUTHOR = {Knapp, A. W. and Stein, E. M.},
     TITLE = {Singular integrals and the principal series. {III}},
   JOURNAL = {Proc. Nat. Acad. Sci. U.S.A.},
  FJOURNAL = {Proceedings of the National Academy of Sciences of the United
              States of America},
    VOLUME = {71},
      YEAR = {1974},
     PAGES = {4622--4624},
      ISSN = {0027-8424},
   MRCLASS = {22E45},
  MRNUMBER = {0367116},
MRREVIEWER = {G. Warner},
       DOI = {10.1073/pnas.71.11.4622},
       URL = {https://doi-org.colorado.idm.oclc.org/10.1073/pnas.71.11.4622},
}
		
@article {MR0344699,
    AUTHOR = {Folland, G. B. and Stein, E. M.},
     TITLE = {Parametrices and estimates for the {$\bar \partial _{b}$}
              complex on strongly pseudoconvex boundaries},
   JOURNAL = {Bull. Amer. Math. Soc.},
  FJOURNAL = {Bulletin of the American Mathematical Society},
    VOLUME = {80},
      YEAR = {1974},
     PAGES = {253--258},
      ISSN = {0002-9904},
   MRCLASS = {35N15 (32F15 35H05 47G05)},
  MRNUMBER = {0344699},
MRREVIEWER = {S. G. Gindikin},
       DOI = {10.1090/S0002-9904-1974-13449-X},
       URL = {https://doi-org.colorado.idm.oclc.org/10.1090/S0002-9904-1974-13449-X},
}
		
@article {MR0516954,
    AUTHOR = {Folland, G. B. and Stein, E. M.},
     TITLE = {Parametrices and estimates for the {$\bar \partial _{b}$}
              complex on strongly pseudoconvex boundaries},
 BOOKTITLE = {A seminar on {PDE}s---1973},
     PAGES = {38--42},
 PUBLISHER = {Rutgers Univ., New Brunswick, N. J.},
      YEAR = {1973},
   MRCLASS = {58G05 (22E30 32F15 35N15)},
  MRNUMBER = {0516954},
}
		
@book {MR0348563,
    AUTHOR = {Ste\u{\i}n, Ila\u{\i}es M.},
     TITLE = {{\cyr Singulyarnye integraly i differentsial\cprime nye svo\u{i}} {\cyr stva funktsi\u{i}} },
      NOTE = {Translated from the English by V. I. Burenkov and \`E. \`E.
              Pe\u{\i}sahovi\v{c}. Edited and with two appendices by V. I. Burenkov},
 PUBLISHER = {Izdat. ``Mir'', Moscow},
      YEAR = {1973},
     PAGES = {342},
   MRCLASS = {47G05 (26A54 42A92 46E35)},
  MRNUMBER = {0348563},
}
		
@article {MR0344701,
    AUTHOR = {Stein, E. M.},
     TITLE = {Singular integrals related to nilpotent groups and {$\bar
              \partial $}\ estimates},
 BOOKTITLE = {Harmonic analysis on homogeneous spaces ({P}roc. {S}ympos.
              {P}ure {M}ath., {V}ol. {XXVI}, {W}illiams {C}oll.,
              {W}illiamstown, {M}ass., 1972)},
     PAGES = {363--367},
 PUBLISHER = {Amer. Math. Soc., Providence, R.I.},
      YEAR = {1973},
   MRCLASS = {35N15 (32F15 35H05 47G05)},
  MRNUMBER = {0344701},
MRREVIEWER = {S. G. Gindikin},
}
		
@article {MR0325858,
    AUTHOR = {Kunze, R. A. and Stein, E. M.},
     TITLE = {Uniformly bounded representations. {IV}. {A}nalytic
              continuation of the principle series for complex classical
              groups of types {$B_{n},\,C_{n},\,D_{n}$}},
   JOURNAL = {Advances in Math.},
  FJOURNAL = {Advances in Mathematics},
    VOLUME = {11},
      YEAR = {1973},
     PAGES = {1--71},
      ISSN = {0001-8708},
   MRCLASS = {22E45 (22E30)},
  MRNUMBER = {0325858},
MRREVIEWER = {P. C. Trombi},
       DOI = {10.1016/0001-8708(73)90002-9},
       URL = {https://doi-org.colorado.idm.oclc.org/10.1016/0001-8708(73)90002-9},
}
		
@article {MR0315302,
    AUTHOR = {Stein, E. M.},
     TITLE = {Singular integrals and estimates for the {C}auchy-{R}iemann
              equations},
   JOURNAL = {Bull. Amer. Math. Soc.},
  FJOURNAL = {Bulletin of the American Mathematical Society},
    VOLUME = {79},
      YEAR = {1973},
     PAGES = {440--445},
      ISSN = {0002-9904},
   MRCLASS = {35N15 (32F15 32H10)},
  MRNUMBER = {0315302},
MRREVIEWER = {D. L. Colton},
       DOI = {10.1090/S0002-9904-1973-13205-7},
       URL = {https://doi-org.colorado.idm.oclc.org/10.1090/S0002-9904-1973-13205-7},
}
		
@book {MR0473215,
    AUTHOR = {Stein, E. M.},
     TITLE = {Boundary behavior of holomorphic functions of several complex
              variables},
      NOTE = {Mathematical Notes, No. 11},
 PUBLISHER = {Princeton University Press, Princeton, N.J.; University of
              Tokyo Press, Tokyo},
      YEAR = {1972},
     PAGES = {x+72},
   MRCLASS = {32A30},
  MRNUMBER = {0473215},
MRREVIEWER = {Guy Laville},
}
		
@article {MR0447953,
    AUTHOR = {Fefferman, C. and Stein, E. M.},
     TITLE = {{$H^{p}$} spaces of several variables},
   JOURNAL = {Acta Math.},
  FJOURNAL = {Acta Mathematica},
    VOLUME = {129},
      YEAR = {1972},
    NUMBER = {3-4},
     PAGES = {137--193},
      ISSN = {0001-5962},
   MRCLASS = {42A40 (30A78 42A18 42A92)},
  MRNUMBER = {0447953},
MRREVIEWER = {Alberto Torchinsky},
       DOI = {10.1007/BF02392215},
       URL = {https://doi-org.colorado.idm.oclc.org/10.1007/BF02392215},
}
		
@article {MR0435461,
    AUTHOR = {Kor\'{a}nyi, A. and Stein, E. M.},
     TITLE = {{$H^{2}$} spaces of generalized half-planes},
      NOTE = {Collection of articles honoring the completion by Antoni
              Zygmund of 50 years of scientific activity, IV},
   JOURNAL = {Studia Math.},
  FJOURNAL = {Polska Akademia Nauk. Instytut Matematyczny. Studia
              Mathematica},
    VOLUME = {44},
      YEAR = {1972},
     PAGES = {379--388},
      ISSN = {0039-3223},
   MRCLASS = {32M10},
  MRNUMBER = {0435461},
MRREVIEWER = {Manfred Stoll},
       DOI = {10.4064/sm-44-4-379-388},
       URL = {https://doi-org.colorado.idm.oclc.org/10.4064/sm-44-4-379-388},
}
		
@article {MR0422512,
    AUTHOR = {Knapp, A. W. and Stein, E. M.},
     TITLE = {Irreducibility theorems for the principal series},
 BOOKTITLE = {Conference on {H}armonic {A}nalysis ({U}niv. {M}aryland,
              {C}ollege {P}ark, {M}d., 1971)},
     PAGES = {197--214. Lecture Notes in Math., Vol. 266},
 PUBLISHER = {Springer, Berlin},
      YEAR = {1972},
   MRCLASS = {22E45},
  MRNUMBER = {0422512},
MRREVIEWER = {G. I. Olsanskii},
}
		
@article {MR0578903,
    AUTHOR = {Stein, E. M.},
     TITLE = {Some problems in harmonic analysis suggested by symmetric
              spaces and semi-simple groups},
 BOOKTITLE = {Actes du {C}ongr\`es {I}nternational des {M}ath\'{e}maticiens
              ({N}ice, 1970), {T}ome 1},
     PAGES = {173--189},
 PUBLISHER = {Gauthier-Villars, Paris},
      YEAR = {1971},
   MRCLASS = {22E30 (43A85)},
  MRNUMBER = {0578903},
}
		
@book {MR0466418,
    AUTHOR = {Stein, Elias M.},
     TITLE = {Analytic continuation of group representations},
      NOTE = {A James K. Whittemore Lecture in Mathematics given at Yale
              University, 1967,
              Yale Mathematical Monographs, 2},
 PUBLISHER = {Yale University Press, New Haven, Conn.-London},
      YEAR = {1971},
     PAGES = {iv+36},
   MRCLASS = {22E45},
  MRNUMBER = {0466418},
}
		
@article {MR0460543,
    AUTHOR = {Knapp, A. W. and Stein, E. M.},
     TITLE = {Intertwining operators for semisimple groups},
   JOURNAL = {Ann. of Math. (2)},
  FJOURNAL = {Annals of Mathematics. Second Series},
    VOLUME = {93},
      YEAR = {1971},
     PAGES = {489--578},
      ISSN = {0003-486X},
   MRCLASS = {22E45},
  MRNUMBER = {0460543},
MRREVIEWER = {G. I. Olsanskii},
       DOI = {10.2307/1970887},
       URL = {https://doi-org.colorado.idm.oclc.org/10.2307/1970887},
}
		
@book {MR0304972,
    AUTHOR = {Stein, Elias M. and Weiss, Guido},
     TITLE = {Introduction to {F}ourier analysis on {E}uclidean spaces},
      NOTE = {Princeton Mathematical Series, No. 32},
 PUBLISHER = {Princeton University Press, Princeton, N.J.},
      YEAR = {1971},
     PAGES = {x+297},
   MRCLASS = {42A92 (31B99 32A99 46F99 47G05)},
  MRNUMBER = {0304972},
MRREVIEWER = {Edwin Hewitt},
}
		
@article {MR0284802,
    AUTHOR = {Fefferman, C. and Stein, E. M.},
     TITLE = {Some maximal inequalities},
   JOURNAL = {Amer. J. Math.},
  FJOURNAL = {American Journal of Mathematics},
    VOLUME = {93},
      YEAR = {1971},
     PAGES = {107--115},
      ISSN = {0002-9327},
   MRCLASS = {46.35},
  MRNUMBER = {0284802},
MRREVIEWER = {R. A. Hunt},
       DOI = {10.2307/2373450},
       URL = {https://doi-org.colorado.idm.oclc.org/10.2307/2373450},
}
		
@article {MR0276757,
    AUTHOR = {Stein, E. M.},
     TITLE = {{$L^{p}$} boundedness of certain convolution operators},
   JOURNAL = {Bull. Amer. Math. Soc.},
  FJOURNAL = {Bulletin of the American Mathematical Society},
    VOLUME = {77},
      YEAR = {1971},
     PAGES = {404--405},
      ISSN = {0002-9904},
   MRCLASS = {46.38 (42.00)},
  MRNUMBER = {0276757},
MRREVIEWER = {R. Larsen},
       DOI = {10.1090/S0002-9904-1971-12716-7},
       URL = {https://doi-org.colorado.idm.oclc.org/10.1090/S0002-9904-1971-12716-7},
}
		
@article {MR0354939,
    AUTHOR = {Knapp, A. W. and Stein, E. M.},
     TITLE = {The existence of complementary series},
 BOOKTITLE = {Problems in analysis ({P}apers dedicated to {S}alomon
              {B}ochner, 1969)},
     PAGES = {249--259},
 PUBLISHER = {Princeton Univ. Press, Princeton, N.J.},
      YEAR = {1970},
   MRCLASS = {22E45},
  MRNUMBER = {0354939},
MRREVIEWER = {P. C. Trombi},
}
		
@book {MR0290095,
    AUTHOR = {Stein, Elias M.},
     TITLE = {Singular integrals and differentiability properties of
              functions},
    SERIES = {Princeton Mathematical Series, No. 30},
 PUBLISHER = {Princeton University Press, Princeton, N.J.},
      YEAR = {1970},
     PAGES = {xiv+290},
   MRCLASS = {46.38 (26.00)},
  MRNUMBER = {0290095},
MRREVIEWER = {R. E. Edwards},
}
		
@article {MR0273055,
    AUTHOR = {Stein, Elias M.},
     TITLE = {Boundary values of holomorphic functions},
   JOURNAL = {Bull. Amer. Math. Soc.},
  FJOURNAL = {Bulletin of the American Mathematical Society},
    VOLUME = {76},
      YEAR = {1970},
     PAGES = {1292--1296},
      ISSN = {0002-9904},
   MRCLASS = {32.17},
  MRNUMBER = {0273055},
MRREVIEWER = {M. Herv\'{e}},
       DOI = {10.1090/S0002-9904-1970-12645-3},
       URL = {https://doi-org.colorado.idm.oclc.org/10.1090/S0002-9904-1970-12645-3},
}
		
@incollection {MR0270069,
    AUTHOR = {Stein, E. M.},
     TITLE = {Variations on the {L}ittlewood-{P}aley theme},
 BOOKTITLE = {Lectures in {M}odern {A}nalysis and {A}pplications, {III}},
     PAGES = {1--17},
 PUBLISHER = {Lecture Notes in Mathematics, Vol. 170. Springer, Berlin},
      YEAR = {1970},
   MRCLASS = {42.50},
  MRNUMBER = {0270069},
}
		
@article {MR0265995,
    AUTHOR = {Stein, Elias M. and Wainger, Stephen},
     TITLE = {The estimation of an integral arising in multiplier
              transformations },
   JOURNAL = {Studia Math.},
  FJOURNAL = {Polska Akademia Nauk. Instytut Matematyczny. Studia
              Mathematica},
    VOLUME = {35},
      YEAR = {1970},
     PAGES = {101--104},
      ISSN = {0039-3223},
   MRCLASS = {47.70 (42.00)},
  MRNUMBER = {0265995},
MRREVIEWER = {S. Izumi},
       DOI = {10.4064/sm-35-1-101-104},
       URL = {https://doi-org.colorado.idm.oclc.org/10.4064/sm-35-1-101-104},
}
		
@article {MR0263985,
    AUTHOR = {Stein, Elias M.},
     TITLE = {Analytic continuation of group representations},
   JOURNAL = {Advances in Math.},
  FJOURNAL = {Advances in Mathematics},
    VOLUME = {4},
      YEAR = {1970},
     PAGES = {172--207 (1970)},
      ISSN = {0001-8708},
   MRCLASS = {22.60},
  MRNUMBER = {0263985},
MRREVIEWER = {K. Bichteler},
       DOI = {10.1016/0001-8708(70)90022-8},
       URL = {https://doi-org.colorado.idm.oclc.org/10.1016/0001-8708(70)90022-8},
}
		
@book {MR0252961,
    AUTHOR = {Stein, Elias M.},
     TITLE = {Topics in harmonic analysis related to the
              {L}ittlewood-{P}aley theory },
    SERIES = {Annals of Mathematics Studies, No. 63},
 PUBLISHER = {Princeton University Press, Princeton, N.J.; University of
              Tokyo Press, Tokyo},
      YEAR = {1970},
     PAGES = {viii+146},
   MRCLASS = {42.50 (22.00)},
  MRNUMBER = {0252961},
MRREVIEWER = {R. E. Edwards},
}
		
@article {MR0263989,
    AUTHOR = {Knapp, A. W. and Stein, E. M.},
     TITLE = {Singular integrals and the principal series. {I}, {II}},
   JOURNAL = {Proc. Nat. Acad. Sci. U.S.A. 63 (1969), 281--284; ibid.},
  FJOURNAL = {Proceedings of the National Academy of Sciences of the United
              States of America},
    VOLUME = {66},
      YEAR = {1969},
     PAGES = {13--17},
      ISSN = {0027-8424},
   MRCLASS = {22.60},
  MRNUMBER = {0263989},
MRREVIEWER = {G. Warner},
       DOI = {10.1073/pnas.66.1.13},
       URL = {https://doi-org.colorado.idm.oclc.org/10.1073/pnas.66.1.13},
}
		
@article {MR0247534,
    AUTHOR = {Stein, E. M.},
     TITLE = {Note on the class {$L$} {${\rm log}$} {$L$}},
   JOURNAL = {Studia Math.},
  FJOURNAL = {Polska Akademia Nauk. Instytut Matematyczny. Studia
              Mathematica},
    VOLUME = {32},
      YEAR = {1969},
     PAGES = {305--310},
      ISSN = {0039-3223},
   MRCLASS = {47.70 (42.00)},
  MRNUMBER = {0247534},
MRREVIEWER = {J. L. Griffith},
       DOI = {10.4064/sm-32-3-305-310},
       URL = {https://doi-org.colorado.idm.oclc.org/10.4064/sm-32-3-305-310},
}
		
@article {MR0241685,
    AUTHOR = {Stein, E. M. and Weiss, N. J.},
     TITLE = {On the convergence of {P}oisson integrals},
   JOURNAL = {Trans. Amer. Math. Soc.},
  FJOURNAL = {Transactions of the American Mathematical Society},
    VOLUME = {140},
      YEAR = {1969},
     PAGES = {35--54},
      ISSN = {0002-9947},
   MRCLASS = {32.15},
  MRNUMBER = {0241685},
MRREVIEWER = {A. Kor\'{a}nyi},
       DOI = {10.2307/1995121},
       URL = {https://doi-org.colorado.idm.oclc.org/10.2307/1995121},
}
		
@article {MR0279322,
    AUTHOR = {Kor\'{a}nyi, A. and Stein, E. M.},
     TITLE = {Fatou's theorem for generalized halfplanes},
   JOURNAL = {Ann. Scuola Norm. Sup. Pisa (3)},
    VOLUME = {22},
      YEAR = {1968},
     PAGES = {107--112},
   MRCLASS = {31.11 (30.00)},
  MRNUMBER = {0279322},
MRREVIEWER = {\"{U}. Kuran},
}
		
@article {MR0267425,
    AUTHOR = {Grossmann, A. and Loupias, G. and Stein, E. M.},
     TITLE = {An algebra of pseudodifferential operators and quantum
              mechanics in phase space},
   JOURNAL = {Ann. Inst. Fourier (Grenoble)},
  FJOURNAL = {Universit\'{e} de Grenoble. Annales de l'Institut Fourier},
    VOLUME = {18},
      YEAR = {1968},
    NUMBER = {fasc. 2},
     PAGES = {343--368, viii (1969)},
      ISSN = {0373-0956},
   MRCLASS = {47.70 (35.00)},
  MRNUMBER = {0267425},
MRREVIEWER = {Authors' review},
       URL = {http://www.numdam.org/item?id=AIF_1968__18_2_343_0},
}
		
@incollection {MR0235154,
    AUTHOR = {Stein, E. M.},
     TITLE = {The analogues of {F}atou's theorem and estimates for maximal
              functions },
 BOOKTITLE = {Geometry of {H}omogeneous {B}ounded {D}omains
              ({C}.{I}.{M}.{E}., 3 {C}iclo, {U}rbino, 1967)},
     PAGES = {291--307},
 PUBLISHER = {Edizioni Cremonese, Rome},
      YEAR = {1968},
   MRCLASS = {32.15},
  MRNUMBER = {0235154},
MRREVIEWER = {J. Kajiwara},
}
		
@incollection {MR0234001,
    AUTHOR = {Stein, E. M. and Zygmund, A.},
     TITLE = {On the boundary behavior of harmonic functions},
 BOOKTITLE = {Orthogonal {E}xpansions and their {C}ontinuous {A}nalogues
              ({P}roc. {C}onf., {E}dwardsville, {I}ll., 1967)},
     PAGES = {127--141},
 PUBLISHER = {Southern Illinois Univ. Press, Carbondale, Ill.},
      YEAR = {1968},
   MRCLASS = {31.11},
  MRNUMBER = {0234001},
MRREVIEWER = {\"{U}. Kuran},
}
		
@article {MR0229856,
    AUTHOR = {Stein, E. M. and Weiss, N. J.},
     TITLE = {Convergence of {P}oisson integrals for bounded symmetric
              domains},
   JOURNAL = {Proc. Nat. Acad. Sci. U.S.A.},
  FJOURNAL = {Proceedings of the National Academy of Sciences of the United
              States of America},
    VOLUME = {60},
      YEAR = {1968},
     PAGES = {1160--1162},
      ISSN = {0027-8424},
   MRCLASS = {32.15 (31.00)},
  MRNUMBER = {0229856},
MRREVIEWER = {A. Kor\'{a}nyi},
       DOI = {10.1073/pnas.60.4.1160},
       URL = {https://doi-org.colorado.idm.oclc.org/10.1073/pnas.60.4.1160},
}
		
@article {MR0223492,
    AUTHOR = {Stein, E. M. and Weiss, G.},
     TITLE = {Generalization of the {C}auchy-{R}iemann equations and
              representations of the rotation group},
   JOURNAL = {Amer. J. Math.},
  FJOURNAL = {American Journal of Mathematics},
    VOLUME = {90},
      YEAR = {1968},
     PAGES = {163--196},
      ISSN = {0002-9327},
   MRCLASS = {22.57 (32.00)},
  MRNUMBER = {0223492},
MRREVIEWER = {H. Jacquet},
       DOI = {10.2307/2373431},
       URL = {https://doi-org.colorado.idm.oclc.org/10.2307/2373431},
}
		
@article {MR0482394,
    AUTHOR = {Stein, E. M.},
     TITLE = {Singular integrals, harmonic functions, and differentiability
              properties of functions of several variables},
 BOOKTITLE = {Singular integrals ({P}roc. {S}ympos. {P}ure {M}ath.,
              {C}hicago, {I}ll., 1966)},
     PAGES = {316--335},
 PUBLISHER = {Amer. Math. Soc., Providence, R.I.},
      YEAR = {1967},
   MRCLASS = {47G05 (31B05 42A40 44A25 46E35)},
  MRNUMBER = {0482394},
MRREVIEWER = {J. S. Joel},
}
		
@article {MR0231943,
    AUTHOR = {Kunze, R. A. and Stein, E. M.},
     TITLE = {Uniformly bounded representations. {III}. {I}ntertwining
              operators for the principal series on semisimple groups},
   JOURNAL = {Amer. J. Math.},
  FJOURNAL = {American Journal of Mathematics},
    VOLUME = {89},
      YEAR = {1967},
     PAGES = {385--442},
      ISSN = {0002-9327},
   MRCLASS = {22.65},
  MRNUMBER = {0231943},
MRREVIEWER = {Edwin Hewitt},
       DOI = {10.2307/2373128},
       URL = {https://doi-org.colorado.idm.oclc.org/10.2307/2373128},
}
		
@article {MR0225100,
    AUTHOR = {Stein, Elias},
     TITLE = {Classes {$H^{p}$} et multiplicateurs: {C}as
              {$n$}-dimensionnel},
   JOURNAL = {C. R. Acad. Sci. Paris S\'{e}r. A-B},
    VOLUME = {264},
      YEAR = {1967},
     PAGES = {A107--A108},
   MRCLASS = {42.25 (30.00)},
  MRNUMBER = {0225100},
MRREVIEWER = {D. Trutt},
}
		
@article {MR0219670,
    AUTHOR = {Stein, E. M.},
     TITLE = {Analysis in matrix spaces and some new representations of
              {${\rm SL}(N,\,C)$}},
   JOURNAL = {Ann. of Math. (2)},
  FJOURNAL = {Annals of Mathematics. Second Series},
    VOLUME = {86},
      YEAR = {1967},
     PAGES = {461--490},
      ISSN = {0003-486X},
   MRCLASS = {22.65},
  MRNUMBER = {0219670},
MRREVIEWER = {R. G. Laha},
       DOI = {10.2307/1970611},
       URL = {https://doi-org.colorado.idm.oclc.org/10.2307/1970611},
}
		
@article {MR0215121,
    AUTHOR = {Stein, E. M. and Zygmund, A.},
     TITLE = {Boundedness of translation invariant operators on {H}\"{o}lder
              spaces and {$L^{p}$}-spaces},
   JOURNAL = {Ann. of Math. (2)},
  FJOURNAL = {Annals of Mathematics. Second Series},
    VOLUME = {85},
      YEAR = {1967},
     PAGES = {337--349},
      ISSN = {0003-486X},
   MRCLASS = {47.25},
  MRNUMBER = {0215121},
MRREVIEWER = {G. Geymonat},
       DOI = {10.2307/1970445},
       URL = {https://doi-org.colorado.idm.oclc.org/10.2307/1970445},
}
		
@article {MR0225099,
    AUTHOR = {Stein, Elias},
     TITLE = {Classes {$H^{p}$}, multiplicateurs et fonctions de
              {L}ittlewood-{P}aley. {A}pplications de r\'{e}sultats ant\'{e}rieurs},
   JOURNAL = {C. R. Acad. Sci. Paris S\'{e}r. A-B},
    VOLUME = {263},
      YEAR = {1966},
     PAGES = {A780--A781},
   MRCLASS = {42.25 (30.00)},
  MRNUMBER = {0225099},
}
		
@article {MR0225098,
    AUTHOR = {Stein, Elias},
     TITLE = {Classes {$H^{p}$}, multiplicateurs et fonctions de
              {L}ittlewood-{P}aley},
   JOURNAL = {C. R. Acad. Sci. Paris S\'{e}r. A-B},
    VOLUME = {263},
      YEAR = {1966},
     PAGES = {A716--A719},
   MRCLASS = {42.25 (30.00)},
  MRNUMBER = {0225098},
}
		
@article {MR0217513,
    AUTHOR = {Stein, E. M. and Wainger, S.},
     TITLE = {Analytic properties of expansions, and some variants of
              {P}arseval-{P}lancherel formulas},
   JOURNAL = {Ark. Mat.},
  FJOURNAL = {Arkiv f\"{o}r Matematik},
    VOLUME = {5},
      YEAR = {1965},
     PAGES = {553--567 (1965)},
      ISSN = {0004-2080},
   MRCLASS = {42.16 (30.00)},
  MRNUMBER = {0217513},
MRREVIEWER = {M. Gasymov},
       DOI = {10.1007/BF02591531},
       URL = {https://doi-org.colorado.idm.oclc.org/10.1007/BF02591531},
}
		
@incollection {MR0206159,
    AUTHOR = {Stein, E. M.},
     TITLE = {A survey of representations of non-compact groups},
 BOOKTITLE = {Lect. {S}em. on {H}igh-{E}nergy {P}hysics and {E}lementary
              {P}articles ({T}rieste, 1965)},
     PAGES = {563--584},
 PUBLISHER = {International Atomic Energy Agency, Vienna},
      YEAR = {1965},
   MRCLASS = {22.60},
  MRNUMBER = {0206159},
MRREVIEWER = {R. Keown},
}
		
@article {MR0199636,
    AUTHOR = {Muckenhoupt, B. and Stein, E. M.},
     TITLE = {Classical expansions and their relation to conjugate harmonic
              functions},
   JOURNAL = {Trans. Amer. Math. Soc.},
  FJOURNAL = {Transactions of the American Mathematical Society},
    VOLUME = {118},
      YEAR = {1965},
     PAGES = {17--92},
      ISSN = {0002-9947},
   MRCLASS = {42.15},
  MRNUMBER = {0199636},
MRREVIEWER = {I. I. Hirschman, Jr.},
       DOI = {10.2307/1993944},
       URL = {https://doi-org.colorado.idm.oclc.org/10.2307/1993944},
}
		
@article {MR0188485,
    AUTHOR = {Stein, E. M.},
     TITLE = {Note on the boundary values of holomorphic functions},
   JOURNAL = {Ann. of Math. (2)},
  FJOURNAL = {Annals of Mathematics. Second Series},
    VOLUME = {82},
      YEAR = {1965},
     PAGES = {351--353},
      ISSN = {0003-486X},
   MRCLASS = {32.25 (30.67)},
  MRNUMBER = {0188485},
MRREVIEWER = {A. Kor\'{a}nyi},
       DOI = {10.2307/1970646},
       URL = {https://doi-org.colorado.idm.oclc.org/10.2307/1970646},
}
		
@article {MR0177076,
    AUTHOR = {Stein, E. M. and Zygmund, A.},
     TITLE = {On the fractional differentiability of functions},
   JOURNAL = {Proc. London Math. Soc. (3)},
  FJOURNAL = {Proceedings of the London Mathematical Society. Third Series},
    VOLUME = {14a},
      YEAR = {1965},
     PAGES = {249--264},
      ISSN = {0024-6115},
   MRCLASS = {26.43},
  MRNUMBER = {0177076},
MRREVIEWER = {S. Marcus},
       DOI = {10.1112/plms/s3-14A.1.249},
       URL = {https://doi-org.colorado.idm.oclc.org/10.1112/plms/s3-14A.1.249},
}
		
@article {MR0179386,
    AUTHOR = {Stein, E. M. and Weiss, Guido and Weiss, Mary},
     TITLE = {{$H^{p}$} classes of holomorphic functions in tube domains},
   JOURNAL = {Proc. Nat. Acad. Sci. U.S.A.},
  FJOURNAL = {Proceedings of the National Academy of Sciences of the United
              States of America},
    VOLUME = {52},
      YEAR = {1964},
     PAGES = {1035--1039},
      ISSN = {0027-8424},
   MRCLASS = {32.70 (42.40)},
  MRNUMBER = {0179386},
MRREVIEWER = {J. Mitchell},
       DOI = {10.1073/pnas.52.4.1035},
       URL = {https://doi-org.colorado.idm.oclc.org/10.1073/pnas.52.4.1035},
}
		
@incollection {MR0176098,
    AUTHOR = {Stein, E. M.},
     TITLE = {Conjugate harmonic functions in several variables},
 BOOKTITLE = {Proc. {I}nternat. {C}ongr. {M}athematicians ({S}tockholm,
              1962)},
     PAGES = {414--420},
 PUBLISHER = {Inst. Mittag-Leffler, Djursholm},
      YEAR = {1963},
   MRCLASS = {31.11},
  MRNUMBER = {0176098},
}
		
@article {MR0158955,
    AUTHOR = {Stein, E. M. and Zygmund, A.},
     TITLE = {On the differentiability of functions},
   JOURNAL = {Studia Math.},
  FJOURNAL = {Polska Akademia Nauk. Instytut Matematyczny. Studia
              Mathematica},
    VOLUME = {23},
      YEAR = {1963/1964},
     PAGES = {247--283},
      ISSN = {0039-3223},
   MRCLASS = {26.40},
  MRNUMBER = {0158955},
MRREVIEWER = {T. A. Botts},
       DOI = {10.4064/sm-23-3-247-283},
       URL = {https://doi-org.colorado.idm.oclc.org/10.4064/sm-23-3-247-283},
}
		
@article {MR0142980,
    AUTHOR = {Stein, E. M.},
     TITLE = {The characterization of functions arising as potentials. {II}},
   JOURNAL = {Bull. Amer. Math. Soc.},
  FJOURNAL = {Bulletin of the American Mathematical Society},
    VOLUME = {68},
      YEAR = {1962},
     PAGES = {577--582},
      ISSN = {0002-9904},
   MRCLASS = {31.11},
  MRNUMBER = {0142980},
MRREVIEWER = {I. I. Hirschman, Jr.},
       DOI = {10.1090/S0002-9904-1962-10856-8},
       URL = {https://doi-org.colorado.idm.oclc.org/10.1090/S0002-9904-1962-10856-8},
}
		
@article {MR0173019,
    AUTHOR = {Stein, Elias M.},
     TITLE = {On the theory of harmonic functions of several variables.
              {II}. {B}ehavior near the boundary},
   JOURNAL = {Acta Math.},
  FJOURNAL = {Acta Mathematica},
    VOLUME = {106},
      YEAR = {1961},
     PAGES = {137--174},
      ISSN = {0001-5962},
   MRCLASS = {31.11},
  MRNUMBER = {0173019},
MRREVIEWER = {L. Lumer-Na\"{i}m},
       DOI = {10.1007/BF02545785},
       URL = {https://doi-org.colorado.idm.oclc.org/10.1007/BF02545785},
}
		
@article {MR0163989,
    AUTHOR = {Kunze, R. A. and Stein, E. M.},
     TITLE = {Uniformly bounded representations. {II}. {A}nalytic
              continuation of the principal series of representations of the
              {$n\times n$} complex unimodular group},
   JOURNAL = {Amer. J. Math.},
  FJOURNAL = {American Journal of Mathematics},
    VOLUME = {83},
      YEAR = {1961},
     PAGES = {723--786},
      ISSN = {0002-9327},
   MRCLASS = {22.60 (22.65)},
  MRNUMBER = {0163989},
MRREVIEWER = {Edwin Hewitt},
       DOI = {10.2307/2372907},
       URL = {https://doi-org.colorado.idm.oclc.org/10.2307/2372907},
}
		
@article {MR0149318,
    AUTHOR = {Kunze, R. A. and Stein, E. M.},
     TITLE = {Analytic continuation of the principal series},
   JOURNAL = {Bull. Amer. Math. Soc.},
  FJOURNAL = {Bulletin of the American Mathematical Society},
    VOLUME = {67},
      YEAR = {1961},
     PAGES = {593--596},
      ISSN = {0002-9904},
   MRCLASS = {22.57 (22.60)},
  MRNUMBER = {0149318},
MRREVIEWER = {R. J. Blattner},
       DOI = {10.1090/S0002-9904-1961-10705-2},
       URL = {https://doi-org.colorado.idm.oclc.org/10.1090/S0002-9904-1961-10705-2},
}
		
@article {MR0131517,
    AUTHOR = {Stein, E. M.},
     TITLE = {On the maximal ergodic theorem},
   JOURNAL = {Proc. Nat. Acad. Sci. U.S.A.},
  FJOURNAL = {Proceedings of the National Academy of Sciences of the United
              States of America},
    VOLUME = {47},
      YEAR = {1961},
     PAGES = {1894--1897},
      ISSN = {0027-8424},
   MRCLASS = {28.70},
  MRNUMBER = {0131517},
MRREVIEWER = {R. V. Chacon},
       DOI = {10.1073/pnas.47.12.1894},
       URL = {https://doi-org.colorado.idm.oclc.org/10.1073/pnas.47.12.1894},
}
		
@article {MR0125412,
    AUTHOR = {Stein, Elias M.},
     TITLE = {On certain exponential sums arising in multiple {F}ourier
              series},
   JOURNAL = {Ann. of Math. (2)},
  FJOURNAL = {Annals of Mathematics. Second Series},
    VOLUME = {73},
      YEAR = {1961},
     PAGES = {87--109},
      ISSN = {0003-486X},
   MRCLASS = {42.40},
  MRNUMBER = {0125412},
MRREVIEWER = {J. Mitchell},
       DOI = {10.2307/1970283},
       URL = {https://doi-org.colorado.idm.oclc.org/10.2307/1970283},
}
		
@article {MR0125392,
    AUTHOR = {Stein, E. M.},
     TITLE = {On limits of seqences of operators},
   JOURNAL = {Ann. of Math. (2)},
  FJOURNAL = {Annals of Mathematics. Second Series},
    VOLUME = {74},
      YEAR = {1961},
     PAGES = {140--170},
      ISSN = {0003-486X},
   MRCLASS = {42.11},
  MRNUMBER = {0125392},
MRREVIEWER = {R. P. Boas, Jr.},
       DOI = {10.2307/1970308},
       URL = {https://doi-org.colorado.idm.oclc.org/10.2307/1970308},
}
		
@article {MR0123872,
    AUTHOR = {Stein, E. M.},
     TITLE = {On some funcions of {L}ittlewood-{P}aley and {Z}ygmund},
   JOURNAL = {Bull. Amer. Math. Soc.},
  FJOURNAL = {Bulletin of the American Mathematical Society},
    VOLUME = {67},
      YEAR = {1961},
     PAGES = {99--101},
      ISSN = {0002-9904},
   MRCLASS = {42.40},
  MRNUMBER = {0123872},
MRREVIEWER = {I. I. Hirschman, Jr.},
       DOI = {10.1090/S0002-9904-1961-10515-6},
       URL = {https://doi-org.colorado.idm.oclc.org/10.1090/S0002-9904-1961-10515-6},
}
		
@article {MR0123729,
    AUTHOR = {Stein, E. M.},
     TITLE = {The characterization of functions arising as potentials},
   JOURNAL = {Bull. Amer. Math. Soc.},
  FJOURNAL = {Bulletin of the American Mathematical Society},
    VOLUME = {67},
      YEAR = {1961},
     PAGES = {102--104},
      ISSN = {0002-9904},
   MRCLASS = {31.22},
  MRNUMBER = {0123729},
MRREVIEWER = {I. I. Hirschman, Jr.},
       DOI = {10.1090/S0002-9904-1961-10517-X},
       URL = {https://doi-org.colorado.idm.oclc.org/10.1090/S0002-9904-1961-10517-X},
}
		
@article {MR0163988,
    AUTHOR = {Kunze, R. A. and Stein, E. M.},
     TITLE = {Uniformly bounded representations and harmonic analysis of the
              {$2\times 2$} real unimodular group},
   JOURNAL = {Amer. J. Math.},
  FJOURNAL = {American Journal of Mathematics},
    VOLUME = {82},
      YEAR = {1960},
     PAGES = {1--62},
      ISSN = {0002-9327},
   MRCLASS = {22.60 (22.57)},
  MRNUMBER = {0163988},
MRREVIEWER = {Edwin Hewitt},
       DOI = {10.2307/2372876},
       URL = {https://doi-org.colorado.idm.oclc.org/10.2307/2372876},
}
		
@article {MR0132135,
    AUTHOR = {Stein, E. M. and Zygmund, A.},
     TITLE = {Smoothness and differentiability of functions},
   JOURNAL = {Ann. Univ. Sci. Budapest, E\"{o}tv\"{o}s Sect. Math.},
  FJOURNAL = {Annales Universitatis Scientiarum Budapestinensis de Rolando
              E\"{o}tv\"{o}s Nominatae. Sectio Mathematica},
    VOLUME = {3--4},
      YEAR = {1960/1961},
     PAGES = {295--307},
      ISSN = {0524-9007},
   MRCLASS = {26.40},
  MRNUMBER = {0132135},
MRREVIEWER = {T. A. Botts},
}
		
@article {MR0121579,
    AUTHOR = {Stein, Elias M. and Weiss, Guido},
     TITLE = {On the theory of harmonic functions of several variables. {I}.
              {T}he theory of {$H^{p}$}-spaces},
   JOURNAL = {Acta Math.},
  FJOURNAL = {Acta Mathematica},
    VOLUME = {103},
      YEAR = {1960},
     PAGES = {25--62},
      ISSN = {0001-5962},
   MRCLASS = {31.00 (30.00)},
  MRNUMBER = {0121579},
MRREVIEWER = {L. Na\"{i}m},
       DOI = {10.1007/BF02546524},
       URL = {https://doi-org.colorado.idm.oclc.org/10.1007/BF02546524},
}
		
@article {MR0107163,
    AUTHOR = {Stein, E. M. and Weiss, Guido},
     TITLE = {An extension of a theorem of {M}arcinkiewicz and some of its
              applications},
   JOURNAL = {J. Math. Mech.},
    VOLUME = {8},
      YEAR = {1959},
     PAGES = {263--284},
   MRCLASS = {46.00 (44.00)},
  MRNUMBER = {0107163},
MRREVIEWER = {M. Cotlar},
       DOI = {10.1512/iumj.1959.8.58019},
       URL = {https://doi-org.colorado.idm.oclc.org/10.1512/iumj.1959.8.58019},
}
		
@article {MR0112932,
    AUTHOR = {Stein, E. M.},
     TITLE = {On the functions of {L}ittlewood-{P}aley, {L}usin, and
              {M}arcinkiewicz},
   JOURNAL = {Trans. Amer. Math. Soc.},
  FJOURNAL = {Transactions of the American Mathematical Society},
    VOLUME = {88},
      YEAR = {1958},
     PAGES = {430--466},
      ISSN = {0002-9947},
   MRCLASS = {26.00 (30.00)},
  MRNUMBER = {0112932},
MRREVIEWER = {D. Waterman},
       DOI = {10.2307/1993226},
       URL = {https://doi-org.colorado.idm.oclc.org/10.2307/1993226},
}
		
@article {MR0105592,
    AUTHOR = {Stein, Elias M.},
     TITLE = {Localization and summability of multiple {F}ourier series},
   JOURNAL = {Acta Math.},
  FJOURNAL = {Acta Mathematica},
    VOLUME = {100},
      YEAR = {1958},
     PAGES = {93--147},
      ISSN = {0001-5962},
   MRCLASS = {42.00},
  MRNUMBER = {0105592},
MRREVIEWER = {K. Chandrasekharan},
       DOI = {10.1007/BF02559603},
       URL = {https://doi-org.colorado.idm.oclc.org/10.1007/BF02559603},
}
		
@article {MR0100197,
    AUTHOR = {Stein, Elias M.},
     TITLE = {A maximal function with applications to {F}ourier series},
   JOURNAL = {Ann. of Math. (2)},
  FJOURNAL = {Annals of Mathematics. Second Series},
    VOLUME = {68},
      YEAR = {1958},
     PAGES = {584--603},
      ISSN = {0003-486X},
   MRCLASS = {42.00},
  MRNUMBER = {0100197},
MRREVIEWER = {P. Civin},
       DOI = {10.2307/1970157},
       URL = {https://doi-org.colorado.idm.oclc.org/10.2307/1970157},
}
		
@article {MR0098285,
    AUTHOR = {Stein, E. M. and Weiss, Guido},
     TITLE = {Fractional integrals on {$n$}-dimensional {E}uclidean space},
   JOURNAL = {J. Math. Mech.},
    VOLUME = {7},
      YEAR = {1958},
     PAGES = {503--514},
   MRCLASS = {44.00 (45.00)},
  MRNUMBER = {0098285},
MRREVIEWER = {I. I. Hirschman, Jr.},
       DOI = {10.1512/iumj.1958.7.57030},
       URL = {https://doi-org.colorado.idm.oclc.org/10.1512/iumj.1958.7.57030},
}
		
@article {MR0092943,
    AUTHOR = {Stein, E. M. and Weiss, G.},
     TITLE = {Interpolation of operators with change of measures},
   JOURNAL = {Trans. Amer. Math. Soc.},
  FJOURNAL = {Transactions of the American Mathematical Society},
    VOLUME = {87},
      YEAR = {1958},
     PAGES = {159--172},
      ISSN = {0002-9947},
   MRCLASS = {46.2X},
  MRNUMBER = {0092943},
MRREVIEWER = {I. I. Hirschman, Jr.},
       DOI = {10.2307/1993094},
       URL = {https://doi-org.colorado.idm.oclc.org/10.2307/1993094},
}
		
@article {MR0101454,
    AUTHOR = {Ostrow, E. H. and Stein, E. M.},
     TITLE = {A generalization of lemmas of {M}arcinkiewicz and {F}ine with
              applications to singular integrals},
   JOURNAL = {Ann. Scuola Norm. Sup. Pisa (3)},
    VOLUME = {11},
      YEAR = {1957},
     PAGES = {117--135},
   MRCLASS = {42.00 (26.00)},
  MRNUMBER = {0101454},
MRREVIEWER = {N. J. Fine},
}
		
@article {MR0094704,
    AUTHOR = {Stein, E. M. and Weiss, Guido},
     TITLE = {On the interpolation of analytic families of operators acting
              on {$H^{p}$}-spaces},
   JOURNAL = {T\^{o}hoku Math. J. (2)},
  FJOURNAL = {The Tohoku Mathematical Journal. Second Series},
    VOLUME = {9},
      YEAR = {1957},
     PAGES = {318--339},
      ISSN = {0040-8735},
   MRCLASS = {46.00},
  MRNUMBER = {0094704},
MRREVIEWER = {I. I. Hirschman, Jr.},
       DOI = {10.2748/tmj/1178244785},
       URL = {https://doi-org.colorado.idm.oclc.org/10.2748/tmj/1178244785},
}
		
@article {MR0091368,
    AUTHOR = {Stein, Elias M.},
     TITLE = {Interpolation in polynomial classes and {M}arkoff's
              inequality},
   JOURNAL = {Duke Math. J.},
  FJOURNAL = {Duke Mathematical Journal},
    VOLUME = {24},
      YEAR = {1957},
     PAGES = {467--476},
      ISSN = {0012-7094},
   MRCLASS = {42.1X},
  MRNUMBER = {0091368},
MRREVIEWER = {P. J. Davis},
       URL = {http://projecteuclid.org.colorado.idm.oclc.org/euclid.dmj/1077467493},
}
		
@article {MR0088606,
    AUTHOR = {Stein, E. M.},
     TITLE = {Note on singular integrals},
   JOURNAL = {Proc. Amer. Math. Soc.},
  FJOURNAL = {Proceedings of the American Mathematical Society},
    VOLUME = {8},
      YEAR = {1957},
     PAGES = {250--254},
      ISSN = {0002-9939},
   MRCLASS = {44.0X},
  MRNUMBER = {0088606},
MRREVIEWER = {A. P. Calder\'{o}n},
       DOI = {10.2307/2033721},
       URL = {https://doi-org.colorado.idm.oclc.org/10.2307/2033721},
}
		
@article {MR0085342,
    AUTHOR = {Stein, E. M.},
     TITLE = {Functions of exponential type},
   JOURNAL = {Ann. of Math. (2)},
  FJOURNAL = {Annals of Mathematics. Second Series},
    VOLUME = {65},
      YEAR = {1957},
     PAGES = {582--592},
      ISSN = {0003-486X},
   MRCLASS = {30.0X},
  MRNUMBER = {0085342},
MRREVIEWER = {R. P. Boas, Jr.},
       DOI = {10.2307/1970066},
       URL = {https://doi-org.colorado.idm.oclc.org/10.2307/1970066},
}
		
@article {MR0082586,
    AUTHOR = {Stein, Elias M.},
     TITLE = {Interpolation of linear operators},
   JOURNAL = {Trans. Amer. Math. Soc.},
  FJOURNAL = {Transactions of the American Mathematical Society},
    VOLUME = {83},
      YEAR = {1956},
     PAGES = {482--492},
      ISSN = {0002-9947},
   MRCLASS = {44.0X},
  MRNUMBER = {0082586},
MRREVIEWER = {I. I. Hirschman},
       DOI = {10.2307/1992885},
       URL = {https://doi-org.colorado.idm.oclc.org/10.2307/1992885},
}
		
@book {MR2611443,
    AUTHOR = {Stein, Elias Menachem},
     TITLE = {O{N} {CERTAIN} {OPERATORS} {ON} {L} {SUB} {P} {SPACES}},
      NOTE = {Thesis (Ph.D.)--The University of Chicago},
 PUBLISHER = {ProQuest LLC, Ann Arbor, MI},
      YEAR = {1955},
     PAGES = {(no paging)},
   MRCLASS = {Thesis},
  MRNUMBER = {2611443},
       URL =
              {http://gateway.proquest.com.colorado.idm.oclc.org/openurl?url_ver=Z39.88-2004&rft_val_fmt=info:ofi/fmt:kev:mtx:dissertation&res_dat=xri:pqdiss&rft_dat=xri:pqdiss:T-02966},
}
		
