@article {MR3513077,
    AUTHOR = {Rowley, Peter and Taylor, Paul},
     TITLE = {An algorithm for the {T}hompson subgroup of a {$p$}-group},
   JOURNAL = {J. Algebra},
  FJOURNAL = {Journal of Algebra},
    VOLUME = {461},
      YEAR = {2016},
     PAGES = {375--389},
      ISSN = {0021-8693},
   MRCLASS = {20D15 (20-04)},
  MRNUMBER = {3513077},
       DOI = {10.1016/j.jalgebra.2016.06.001},
       URL = {https://doi-org.colorado.idm.oclc.org/10.1016/j.jalgebra.2016.06.001},
}
@article {MR3378574,
    AUTHOR = {Bates, Chris and Rowley, Peter and Taylor, Paul},
     TITLE = {Involutions in the automorphism groups of small sporadic
              simple groups},
   JOURNAL = {Algebra},
  FJOURNAL = {Algebra},
      YEAR = {2015},
     PAGES = {Art. ID 587629, 15},
      ISSN = {2314-4106},
   MRCLASS = {20D08},
  MRNUMBER = {3378574},
MRREVIEWER = {Gernot Stroth},
       DOI = {10.1155/2015/587629},
       URL = {https://doi-org.colorado.idm.oclc.org/10.1155/2015/587629},
}
@incollection {MR2867093,
    AUTHOR = {Taylor, Paul},
     TITLE = {Foundations {\it for} computable topology},
 BOOKTITLE = {Foundational theories of classical and constructive
              mathematics},
    SERIES = {West. Ont. Ser. Philos. Sci.},
    VOLUME = {76},
     PAGES = {265--310},
 PUBLISHER = {Springer, Dordrecht},
      YEAR = {2011},
   MRCLASS = {03F65 (54A05)},
  MRNUMBER = {2867093},
       DOI = {10.1007/978-94-007-0431-2_14},
       URL = {https://doi-org.colorado.idm.oclc.org/10.1007/978-94-007-0431-2_14},
}
@article {MR2861687,
    AUTHOR = {Rowley, Peter and Taylor, Paul},
     TITLE = {Involutions in {J}anko's simple group {$J_4$}},
   JOURNAL = {LMS J. Comput. Math.},
  FJOURNAL = {LMS Journal of Computation and Mathematics},
    VOLUME = {14},
      YEAR = {2011},
     PAGES = {238--253},
      ISSN = {1461-1570},
   MRCLASS = {20D08 (20E32)},
  MRNUMBER = {2861687},
MRREVIEWER = {Robert T. Curtis},
       DOI = {10.1112/S1461157009000540},
       URL = {https://doi-org.colorado.idm.oclc.org/10.1112/S1461157009000540},
}
@article {MR2774660,
    AUTHOR = {Rowley, Peter and Taylor, Paul},
     TITLE = {Point-line collinearity graphs of two sporadic minimal
              parabolic geometries},
   JOURNAL = {J. Algebra},
  FJOURNAL = {Journal of Algebra},
    VOLUME = {331},
      YEAR = {2011},
     PAGES = {304--310},
      ISSN = {0021-8693},
   MRCLASS = {20D08 (05C25 51E30)},
  MRNUMBER = {2774660},
MRREVIEWER = {Jonathan I. Hall},
       DOI = {10.1016/j.jalgebra.2010.11.022},
       URL = {https://doi-org.colorado.idm.oclc.org/10.1016/j.jalgebra.2010.11.022},
}
@article {MR2685128,
    AUTHOR = {Rowley, Peter and Taylor, Paul},
     TITLE = {Normalizers of 2-subgroups in black-box groups},
   JOURNAL = {LMS J. Comput. Math.},
  FJOURNAL = {LMS Journal of Computation and Mathematics},
    VOLUME = {13},
      YEAR = {2010},
     PAGES = {307--319},
      ISSN = {1461-1570},
   MRCLASS = {20D15 (20-04)},
  MRNUMBER = {2685128},
MRREVIEWER = {Alice C. Niemeyer},
       DOI = {10.1112/S1461157009000060},
       URL = {https://doi-org.colorado.idm.oclc.org/10.1112/S1461157009000060},
}
@article {MR2678927,
    AUTHOR = {Taylor, Paul},
     TITLE = {A lambda calculus for real analysis},
   JOURNAL = {J. Log. Anal.},
  FJOURNAL = {Journal of Logic and Analysis},
    VOLUME = {2},
      YEAR = {2010},
     PAGES = {Paper 5, 115},
      ISSN = {1759-9008},
   MRCLASS = {03B40 (03D45 03F60 54D05)},
  MRNUMBER = {2678927},
MRREVIEWER = {Hajime Ishihara},
       DOI = {10.4115/jla.2010.2.5},
       URL = {https://doi-org.colorado.idm.oclc.org/10.4115/jla.2010.2.5},
}
@article {MR2525959,
    AUTHOR = {Bauer, Andrej and Taylor, Paul},
     TITLE = {The {D}edekind reals in abstract {S}tone duality},
   JOURNAL = {Math. Structures Comput. Sci.},
  FJOURNAL = {Mathematical Structures in Computer Science. A Journal in the
              Applications of Categorical, Algebraic and Geometric Methods
              in Computer Science},
    VOLUME = {19},
      YEAR = {2009},
    NUMBER = {4},
     PAGES = {757--838},
      ISSN = {0960-1295},
   MRCLASS = {03D78 (03B40 03F60 26A03 54A99)},
  MRNUMBER = {2525959},
       DOI = {10.1017/S0960129509007695},
       URL = {https://doi-org.colorado.idm.oclc.org/10.1017/S0960129509007695},
}
@article {MR2295760,
    AUTHOR = {Taylor, Paul},
     TITLE = {Computably based locally compact spaces},
   JOURNAL = {Log. Methods Comput. Sci.},
  FJOURNAL = {Logical Methods in Computer Science},
    VOLUME = {2},
      YEAR = {2006},
    NUMBER = {1},
     PAGES = {1:1, 70},
      ISSN = {1860-5974},
   MRCLASS = {54D45 (03D45 06B35 54D30)},
  MRNUMBER = {2295760},
       DOI = {10.2168/LMCS-2(1:1)2006},
       URL = {https://doi-org.colorado.idm.oclc.org/10.2168/LMCS-2(1:1)2006},
}
@inproceedings {MR2207119,
    AUTHOR = {Taylor, Paul},
     TITLE = {Inside every model of abstract stone duality lies an
              arithmetic universe},
 BOOKTITLE = {Proceedings of the 10th {C}onference on {C}ategory {T}heory in
              {C}omputer {S}cience ({CTCS} 2004)},
    SERIES = {Electron. Notes Theor. Comput. Sci.},
    VOLUME = {122},
     PAGES = {247--296},
 PUBLISHER = {Elsevier Sci. B. V., Amsterdam},
      YEAR = {2005},
   MRCLASS = {18B30 (03B45 54B30)},
  MRNUMBER = {2207119},
       DOI = {10.1016/j.entcs.2004.06.059},
       URL = {https://doi-org.colorado.idm.oclc.org/10.1016/j.entcs.2004.06.059},
}
@article {MR1913512,
    AUTHOR = {Taylor, Paul},
     TITLE = {Subspaces in abstract {S}tone duality},
   JOURNAL = {Theory Appl. Categ.},
  FJOURNAL = {Theory and Applications of Categories},
    VOLUME = {10},
      YEAR = {2002},
     PAGES = {No. 13, 301--368},
      ISSN = {1201-561X},
   MRCLASS = {54B30 (03G30 06D22 18B30 54D45)},
  MRNUMBER = {1913512},
}
@article {MR1913511,
    AUTHOR = {Taylor, Paul},
     TITLE = {Sober spaces and continuations},
   JOURNAL = {Theory Appl. Categ.},
  FJOURNAL = {Theory and Applications of Categories},
    VOLUME = {10},
      YEAR = {2002},
     PAGES = {No. 12, 248--300},
      ISSN = {1201-561X},
   MRCLASS = {54A05 (03B40 06D22 18B30 54C35 54D10 54D45)},
  MRNUMBER = {1913511},
}
@article {MR1799865,
    AUTHOR = {Taylor, Paul},
     TITLE = {Geometric and higher order logic in terms of abstract {S}tone
              duality},
   JOURNAL = {Theory Appl. Categ.},
  FJOURNAL = {Theory and Applications of Categories},
    VOLUME = {7},
      YEAR = {2000},
     PAGES = {No. 15, 284--338},
      ISSN = {1201-561X},
   MRCLASS = {03G30 (06E15 18A15 54B30)},
  MRNUMBER = {1799865},
MRREVIEWER = {Carsten Butz},
}
@book {MR1694820,
    AUTHOR = {Taylor, Paul},
     TITLE = {Practical foundations of mathematics},
    SERIES = {Cambridge Studies in Advanced Mathematics},
    VOLUME = {59},
 PUBLISHER = {Cambridge University Press, Cambridge},
      YEAR = {1999},
     PAGES = {xii+572},
      ISBN = {0-521-63107-6},
   MRCLASS = {03-02 (00A30 03B15 03B40 03G30 18-02)},
  MRNUMBER = {1694820},
}
@article {MR1412506,
    AUTHOR = {Taylor, Paul},
     TITLE = {Intuitionistic sets and ordinals},
   JOURNAL = {J. Symbolic Logic},
  FJOURNAL = {The Journal of Symbolic Logic},
    VOLUME = {61},
      YEAR = {1996},
    NUMBER = {3},
     PAGES = {705--744},
      ISSN = {0022-4812},
   MRCLASS = {03E70 (03F55)},
  MRNUMBER = {1412506},
MRREVIEWER = {Wim Ruitenburg},
       DOI = {10.2307/2275781},
       URL = {https://doi-org.colorado.idm.oclc.org/10.2307/2275781},
}
@article {MR1055029,
    AUTHOR = {Taylor, Paul},
     TITLE = {An algebraic approach to stable domains},
   JOURNAL = {J. Pure Appl. Algebra},
  FJOURNAL = {Journal of Pure and Applied Algebra},
    VOLUME = {64},
      YEAR = {1990},
    NUMBER = {2},
     PAGES = {171--203},
      ISSN = {0022-4049},
   MRCLASS = {18D15 (03G30 06B35 18B99 18C15 68Q55)},
  MRNUMBER = {1055029},
       DOI = {10.1016/0022-4049(90)90156-C},
       URL = {https://doi-org.colorado.idm.oclc.org/10.1016/0022-4049(90)90156-C},
}
@article {MR1059248,
    AUTHOR = {Pitts, Andrew M. and Taylor, Paul},
     TITLE = {A note on {R}ussell's paradox in locally {C}artesian closed
              categories},
   JOURNAL = {Studia Logica},
  FJOURNAL = {Polish Academy of Sciences. Institute of Philosophy and
              Sociology. Studia Logica. An International Journal for
              Symbolic Logic},
    VOLUME = {48},
      YEAR = {1989},
    NUMBER = {3},
     PAGES = {377--387},
      ISSN = {0039-3215},
   MRCLASS = {03B15 (03B40 03D99 03F07 03G30 18A15)},
  MRNUMBER = {1059248},
MRREVIEWER = {Edmund Robinson},
       DOI = {10.1007/BF00370830},
       URL = {https://doi-org.colorado.idm.oclc.org/10.1007/BF00370830},
}
@incollection {MR1031562,
    AUTHOR = {Taylor, Paul},
     TITLE = {Quantitative domains, groupoids and linear logic},
 BOOKTITLE = {Category theory and computer science ({M}anchester, 1989)},
    SERIES = {Lecture Notes in Comput. Sci.},
    VOLUME = {389},
     PAGES = {155--181},
 PUBLISHER = {Springer, Berlin},
      YEAR = {1989},
   MRCLASS = {68Q55 (03B70 18A40)},
  MRNUMBER = {1031562},
       DOI = {10.1007/BFb0018351},
       URL = {https://doi-org.colorado.idm.oclc.org/10.1007/BFb0018351},
}
@book {MR1003608,
    AUTHOR = {Girard, Jean-Yves and Taylor, Paul and Lafont, Yves},
     TITLE = {Proofs and types},
    SERIES = {Cambridge Tracts in Theoretical Computer Science},
    VOLUME = {7},
 PUBLISHER = {Cambridge University Press, Cambridge},
      YEAR = {1989},
     PAGES = {xii+176},
      ISBN = {0-521-37181-3},
   MRCLASS = {03B40 (03B70 03F50 03F55 68Q55)},
  MRNUMBER = {1003608},
MRREVIEWER = {Fangmin Song},
}
@incollection {MR875703,
    AUTHOR = {Taylor, Paul},
     TITLE = {Internal completeness of categories of domains},
 BOOKTITLE = {Category theory and computer programming ({G}uildford, 1985)},
    SERIES = {Lecture Notes in Comput. Sci.},
    VOLUME = {240},
     PAGES = {449--465},
 PUBLISHER = {Springer, Berlin},
      YEAR = {1986},
   MRCLASS = {03G30 (03B40 03E70 18B99)},
  MRNUMBER = {875703},
       DOI = {10.1007/3-540-17162-2_137},
       URL = {https://doi-org.colorado.idm.oclc.org/10.1007/3-540-17162-2_137},
}
@article {MR535858,
    AUTHOR = {Taylor, Paul},
     TITLE = {Counting lines and planes in generalised noughts and crosses},
   JOURNAL = {Math. Gaz.},
  FJOURNAL = {The Mathematical Gazette},
    VOLUME = {63},
      YEAR = {1979},
    NUMBER = {424},
     PAGES = {77--82},
      ISSN = {0025-5572},
   MRCLASS = {05B30},
  MRNUMBER = {535858},
MRREVIEWER = {R. A. Melter},
       DOI = {10.2307/3616012},
       URL = {https://doi-org.colorado.idm.oclc.org/10.2307/3616012},
}

