@incollection {MR3836036,
    AUTHOR = {Piotrowski, Bartosz and Urban, Josef},
     TITLE = {A{TP}boost: learning premise selection in binary setting with
              {ATP} feedback},
 BOOKTITLE = {Automated reasoning},
    SERIES = {Lecture Notes in Comput. Sci.},
    VOLUME = {10900},
     PAGES = {566--574},
 PUBLISHER = {Springer, Cham},
      YEAR = {2018},
   MRCLASS = {68T15 (68T27)},
  MRNUMBER = {3836036},
}
		
@article {MR3808938,
    AUTHOR = {Jakub\ocirc{u}v, Jan and Urban, Josef},
     TITLE = {Hierarchical invention of theorem proving strategies},
   JOURNAL = {AI Commun.},
  FJOURNAL = {AI Communications. The European Journal on Artificial
              Intelligence},
    VOLUME = {31},
      YEAR = {2018},
    NUMBER = {3},
     PAGES = {237--250},
      ISSN = {0921-7126},
   MRCLASS = {68T20 (68T15)},
  MRNUMBER = {3808938},
       DOI = {10.3233/aic-180761},
       URL = {https://doi-org.colorado.idm.oclc.org/10.3233/aic-180761},
}
		
@article {MR3808937,
    AUTHOR = {Fontaine, Pascal and Kaliszyk, Cezary and Schulz, Stephan and
              Urban, Josef},
     TITLE = {Foreword to the special issue on automated reasoning},
   JOURNAL = {AI Commun.},
  FJOURNAL = {AI Communications. The European Journal on Artificial
              Intelligence},
    VOLUME = {31},
      YEAR = {2018},
    NUMBER = {3},
     PAGES = {235--236},
      ISSN = {0921-7126},
   MRCLASS = {Expansion},
  MRNUMBER = {3808937},
       DOI = {10.3233/aic-180765},
       URL = {https://doi-org.colorado.idm.oclc.org/10.3233/aic-180765},
}
		
@incollection {MR3794753,
    AUTHOR = {Gauthier, Thibault and Kaliszyk, Cezary and Urban, Josef},
     TITLE = {Tactic{T}oe: learning to reason with {HOL}4 tactics},
 BOOKTITLE = {L{PAR}-21. 21st {I}nternational {C}onference on {L}ogic for
              {P}rogramming, {A}rtificial {I}ntelligence and {R}easoning},
    SERIES = {EPiC Ser. Comput.},
    VOLUME = {46},
     PAGES = {125--143},
 PUBLISHER = {EasyChair, Manchester},
      YEAR = {2017},
   MRCLASS = {68T15},
  MRNUMBER = {3794753},
}
		
@incollection {MR3706437,
    AUTHOR = {Kaliszyk, Cezary and Urban, Josef and Vysko\v{c}il, Ji\v{r}\'{\i}},
     TITLE = {Automating formalization by statistical and semantic parsing
              of mathematics},
 BOOKTITLE = {Interactive theorem proving},
    SERIES = {Lecture Notes in Comput. Sci.},
    VOLUME = {10499},
     PAGES = {12--27},
 PUBLISHER = {Springer, Cham},
      YEAR = {2017},
   MRCLASS = {68T15 (68T50)},
  MRNUMBER = {3706437},
}
		
@incollection {MR3691045,
    AUTHOR = {F\"{a}rber, Michael and Kaliszyk, Cezary and Urban, Josef},
     TITLE = {Monte {C}arlo tableau proof search},
 BOOKTITLE = {Automated deduction---{CADE} 26},
    SERIES = {Lecture Notes in Comput. Sci.},
    VOLUME = {10395},
     PAGES = {563--579},
 PUBLISHER = {Springer, Cham},
      YEAR = {2017},
   MRCLASS = {03B35 (68T15)},
  MRNUMBER = {3691045},
}
		
@incollection {MR3691030,
    AUTHOR = {Schulz, Stephan and Sutcliffe, Geoff and Urban, Josef and
              Pease, Adam},
     TITLE = {Detecting inconsistencies in large first-order knowledge
              bases},
 BOOKTITLE = {Automated deduction---{CADE} 26},
    SERIES = {Lecture Notes in Comput. Sci.},
    VOLUME = {10395},
     PAGES = {310--325},
 PUBLISHER = {Springer, Cham},
      YEAR = {2017},
   MRCLASS = {68T30 (68T15)},
  MRNUMBER = {3691030},
}
		
@article {MR3659768,
    AUTHOR = {Hales, Thomas and Adams, Mark and Bauer, Gertrud and Dang, Tat
              Dat and Harrison, John and Le Truong Hoang and Kaliszyk,
              Cezary and Magron, Victor and McLaughlin, Sean and Nguyen, Tat
              Thang and Nguyen, Quang Truong and Nipkow, Tobias and Obua,
              Steven and Pleso, Joseph and Rute, Jason and Solovyev, Alexey
              and Ta, Thi Hoai An and Tran, Nam Trung and Trieu, Thi Diep
              and Urban, Josef and Vu, Ky and Zumkeller, Roland},
     TITLE = {A formal proof of the {K}epler conjecture},
   JOURNAL = {Forum Math. Pi},
  FJOURNAL = {Forum of Mathematics. Pi},
    VOLUME = {5},
      YEAR = {2017},
     PAGES = {e2, 29},
      ISSN = {2050-5086},
   MRCLASS = {52C17 (05B40)},
  MRNUMBER = {3659768},
MRREVIEWER = {Martin Henk},
       DOI = {10.1017/fmp.2017.1},
       URL = {https://doi-org.colorado.idm.oclc.org/10.1017/fmp.2017.1},
}
		
@article {MR3643685,
    AUTHOR = {Wiedijk, Freek and Geuvers, Herman and Urban, Josef},
     TITLE = {A mathematical proof proved correct: the most efficient way to
              stack balls},
   JOURNAL = {Nieuw Arch. Wiskd. (5)},
  FJOURNAL = {Nieuw Archief voor Wiskunde. Vijfde Serie},
    VOLUME = {17},
      YEAR = {2016},
    NUMBER = {3},
     PAGES = {177--183},
      ISSN = {0028-9825},
   MRCLASS = {52C17 (03B35)},
  MRNUMBER = {3643685},
}
		
@article {MR3543235,
    AUTHOR = {Blanchette, Jasmin Christian and Greenaway, David and
              Kaliszyk, Cezary and K\"{u}hlwein, Daniel and Urban, Josef},
     TITLE = {A learning-based fact selector for {I}sabelle/{HOL}},
   JOURNAL = {J. Automat. Reason.},
  FJOURNAL = {Journal of Automated Reasoning},
    VOLUME = {57},
      YEAR = {2016},
    NUMBER = {3},
     PAGES = {219--244},
      ISSN = {0168-7433},
   MRCLASS = {68T15 (68T05)},
  MRNUMBER = {3543235},
       DOI = {10.1007/s10817-016-9362-8},
       URL = {https://doi-org.colorado.idm.oclc.org/10.1007/s10817-016-9362-8},
}
		
@article {MR3499759,
    AUTHOR = {Sutcliffe, Geoff and Urban, Josef},
     TITLE = {The {CADE}-25 automated theorem proving system
              competition---{CASC}-25},
   JOURNAL = {AI Commun.},
  FJOURNAL = {AI Communications. The European Journal on Artificial
              Intelligence},
    VOLUME = {29},
      YEAR = {2016},
    NUMBER = {3},
     PAGES = {423--433},
      ISSN = {0921-7126},
   MRCLASS = {Expansion},
  MRNUMBER = {3499759},
       DOI = {10.3233/AIC-150691},
       URL = {https://doi-org.colorado.idm.oclc.org/10.3233/AIC-150691},
}
		
@article {MR3460643,
    AUTHOR = {Blanchette, Jasmin C. and Kaliszyk, Cezary and Paulson,
              Lawrence C. and Urban, Josef},
     TITLE = {Hammering towards {QED}},
   JOURNAL = {J. Formaliz. Reason.},
  FJOURNAL = {Journal of Formalized Reasoning},
    VOLUME = {9},
      YEAR = {2016},
    NUMBER = {1},
     PAGES = {101--148},
      ISSN = {1972-5787},
   MRCLASS = {03B35 (68T15)},
  MRNUMBER = {3460643},
MRREVIEWER = {Andrzej Wi\'{s}nicki},
}
		
@article {MR3460638,
    AUTHOR = {Harrison, John and Urban, Josef and Wiedijk, Freek},
     TITLE = {Preface: twenty years of {QED} manifesto},
   JOURNAL = {J. Formaliz. Reason.},
  FJOURNAL = {Journal of Formalized Reasoning},
    VOLUME = {9},
      YEAR = {2016},
    NUMBER = {1},
     PAGES = {1--2},
      ISSN = {1972-5787},
   MRCLASS = {68-06 (03-06 03B35 68T15)},
  MRNUMBER = {3460638},
}
		
@incollection {MR3485531,
    AUTHOR = {Kaliszyk, Cezary and Urban, Josef},
     TITLE = {F{EM}a{L}e{C}o{P}: fairly efficient machine learning
              connection prover},
 BOOKTITLE = {Logic for programming, artificial intelligence, and reasoning},
    SERIES = {Lecture Notes in Comput. Sci.},
    VOLUME = {9450},
     PAGES = {88--96},
 PUBLISHER = {Springer, Heidelberg},
      YEAR = {2015},
   MRCLASS = {68T05 (68T15)},
  MRNUMBER = {3485531},
       DOI = {10.1007/978-3-662-48899-7_7},
       URL = {https://doi-org.colorado.idm.oclc.org/10.1007/978-3-662-48899-7_7},
}
		
@incollection {MR3478061,
    AUTHOR = {Kaliszyk, Cezary and Urban, Josef and Vysko\v{c}il, Ji\v{r}\'{\i}},
     TITLE = {Lemmatization for stronger reasoning in large theories},
 BOOKTITLE = {Frontiers of combining systems},
    SERIES = {Lecture Notes in Comput. Sci.},
    VOLUME = {9322},
     PAGES = {341--356},
 PUBLISHER = {Springer, Cham},
      YEAR = {2015},
   MRCLASS = {68T15},
  MRNUMBER = {3478061},
       DOI = {10.1007/978-3-319-24246-0_21},
       URL = {https://doi-org.colorado.idm.oclc.org/10.1007/978-3-319-24246-0_21},
}
		
@incollection {MR3447420,
    AUTHOR = {Kaliszyk, Cezary and Urban, Josef and Vysko\v{c}il, Ji\v{r}\'{\i}},
     TITLE = {Learning to parse on aligned corpora (rough diamond)},
 BOOKTITLE = {Interactive theorem proving},
    SERIES = {Lecture Notes in Comput. Sci.},
    VOLUME = {9236},
     PAGES = {227--233},
 PUBLISHER = {Springer, Cham},
      YEAR = {2015},
   MRCLASS = {68T15 (03B35)},
  MRNUMBER = {3447420},
       DOI = {10.1007/978-3-319-22102-1_15},
       URL = {https://doi-org.colorado.idm.oclc.org/10.1007/978-3-319-22102-1_15},
}
		
@incollection {MR3446906,
    AUTHOR = {Kaliszyk, Cezary and Schulz, Stephan and Urban, Josef and
              Vysko\v{c}il, Ji\v{r}\'{\i}},
     TITLE = {System description: {E}.{T}. 0.1},
 BOOKTITLE = {Automated deduction---{CADE} 25},
    SERIES = {Lecture Notes in Comput. Sci.},
    VOLUME = {9195},
     PAGES = {389--398},
 PUBLISHER = {Springer, Cham},
      YEAR = {2015},
   MRCLASS = {03B35},
  MRNUMBER = {3446906},
       DOI = {10.1007/978-3-319-21401-6_27},
       URL = {https://doi-org.colorado.idm.oclc.org/10.1007/978-3-319-21401-6_27},
}
		
@article {MR3402517,
    AUTHOR = {Kaliszyk, Cezary and Urban, Josef},
     TITLE = {Miz{AR} 40 for {M}izar 40},
   JOURNAL = {J. Automat. Reason.},
  FJOURNAL = {Journal of Automated Reasoning},
    VOLUME = {55},
      YEAR = {2015},
    NUMBER = {3},
     PAGES = {245--256},
      ISSN = {0168-7433},
   MRCLASS = {68T15 (03B35 68T05)},
  MRNUMBER = {3402517},
       DOI = {10.1007/s10817-015-9330-8},
       URL = {https://doi-org.colorado.idm.oclc.org/10.1007/s10817-015-9330-8},
}
		
@article {MR3376883,
    AUTHOR = {K\"{u}hlwein, Daniel and Urban, Josef},
     TITLE = {Ma{L}e{S}: a framework for automatic tuning of automated
              theorem provers},
   JOURNAL = {J. Automat. Reason.},
  FJOURNAL = {Journal of Automated Reasoning},
    VOLUME = {55},
      YEAR = {2015},
    NUMBER = {2},
     PAGES = {91--116},
      ISSN = {0168-7433},
   MRCLASS = {68T15 (03B35)},
  MRNUMBER = {3376883},
       DOI = {10.1007/s10817-015-9329-1},
       URL = {https://doi-org.colorado.idm.oclc.org/10.1007/s10817-015-9329-1},
}
		
@article {MR3298443,
    AUTHOR = {Kaliszyk, Cezary and Urban, Josef},
     TITLE = {Learning-assisted theorem proving with millions of lemmas},
   JOURNAL = {J. Symbolic Comput.},
  FJOURNAL = {Journal of Symbolic Computation},
    VOLUME = {69},
      YEAR = {2015},
     PAGES = {109--128},
      ISSN = {0747-7171},
   MRCLASS = {68T15 (03B35)},
  MRNUMBER = {3298443},
       DOI = {10.1016/j.jsc.2014.09.032},
       URL = {https://doi-org.colorado.idm.oclc.org/10.1016/j.jsc.2014.09.032},
}
		
@article {MR3290486,
    AUTHOR = {Kaliszyk, Cezary and Urban, Josef},
     TITLE = {Erratum to: {L}earning-assisted automated reasoning with {F}lyspeck [MR3225763]},
   JOURNAL = {J. Automat. Reason.},
  FJOURNAL = {Journal of Automated Reasoning},
    VOLUME = {54},
      YEAR = {2015},
    NUMBER = {1},
     PAGES = {99},
      ISSN = {0168-7433},
   MRCLASS = {68T37 (68T05)},
  MRNUMBER = {3290486},
       DOI = {10.1007/s10817-014-9315-z},
       URL = {https://doi-org.colorado.idm.oclc.org/10.1007/s10817-014-9315-z},
}
		
@inproceedings {MR3602151,
    AUTHOR = {Joosten, Sebastiaan and Kaliszyk, Cezary and Urban, Josef},
     TITLE = {Initial experiments with {TPTP}-style automated theorem provers on {ACL}2 problems},
 BOOKTITLE = {Proceedings {T}welfth {I}nternational {W}orkshop on the {ACL}2
              {T}heorem {P}rover and its {A}pplications},
    SERIES = {Electron. Proc. Theor. Comput. Sci. (EPTCS)},
    VOLUME = {152},
     PAGES = {77--85},
 PUBLISHER = {EPTCS, [place of publication not identified]},
      YEAR = {2014},
   MRCLASS = {68T15},
  MRNUMBER = {3602151},
}
		
@incollection {MR3362157,
    AUTHOR = {Harrison, John and Urban, Josef and Wiedijk, Freek},
     TITLE = {History of interactive theorem proving},
 BOOKTITLE = {Computational logic},
    SERIES = {Handb. Hist. Log.},
    VOLUME = {9},
     PAGES = {135--214},
 PUBLISHER = {Elsevier/North-Holland, Amsterdam},
      YEAR = {2014},
   MRCLASS = {03-03 (03B35 68T15)},
  MRNUMBER = {3362157},
       DOI = {10.1016/B978-0-444-51624-4.50004-6},
       URL = {https://doi-org.colorado.idm.oclc.org/10.1016/B978-0-444-51624-4.50004-6},
}
		
@article {MR3225763,
    AUTHOR = {Kaliszyk, Cezary and Urban, Josef},
     TITLE = {Learning-assisted automated reasoning with {$\ssf{Flyspeck}$}},
   JOURNAL = {J. Automat. Reason.},
  FJOURNAL = {Journal of Automated Reasoning},
    VOLUME = {53},
      YEAR = {2014},
    NUMBER = {2},
     PAGES = {173--213},
      ISSN = {0168-7433},
   MRCLASS = {68T37 (68T05)},
  MRNUMBER = {3225763},
       DOI = {10.1007/s10817-014-9303-3},
       URL = {https://doi-org.colorado.idm.oclc.org/10.1007/s10817-014-9303-3},
}
		
@article {MR3153710,
    AUTHOR = {Alama, Jesse and Heskes, Tom and K\"{u}hlwein, Daniel and Tsivtsivadze, Evgeni and Urban, Josef},
     TITLE = {Premise selection for mathematics by corpus analysis and kernel methods},
   JOURNAL = {J. Automat. Reason.},
  FJOURNAL = {Journal of Automated Reasoning},
    VOLUME = {52},
      YEAR = {2014},
    NUMBER = {2},
     PAGES = {191--213},
      ISSN = {0168-7433},
   MRCLASS = {68T15 (68T05)},
  MRNUMBER = {3153710},
       DOI = {10.1007/s10817-013-9286-5},
       URL = {https://doi-org.colorado.idm.oclc.org/10.1007/s10817-013-9286-5},
}
		
@incollection {MR3163664,
    AUTHOR = {Kaliszyk, Cezary and Urban, Josef},
     TITLE = {Lemma mining over {HOL} light},
 BOOKTITLE = {Logic for programming, artificial intelligence, and reasoning},
    SERIES = {Lecture Notes in Comput. Sci.},
    VOLUME = {8312},
     PAGES = {503--517},
 PUBLISHER = {Springer, Heidelberg},
      YEAR = {2013},
   MRCLASS = {68T15},
  MRNUMBER = {3163664},
       DOI = {10.1007/978-3-642-45221-5_34},
       URL = {https://doi-org.colorado.idm.oclc.org/10.1007/978-3-642-45221-5_34},
}
		
@incollection {MR3111289,
    AUTHOR = {Tankink, Carst and Kaliszyk, Cezary and Urban, Josef and Geuvers, Herman},
     TITLE = {Communicating formal proofs: the case of flyspeck},
 BOOKTITLE = {Interactive theorem proving},
    SERIES = {Lecture Notes in Comput. Sci.},
    VOLUME = {7998},
     PAGES = {451--456},
 PUBLISHER = {Springer, Heidelberg},
      YEAR = {2013},
   MRCLASS = {Expansion},
  MRNUMBER = {3111289},
       DOI = {10.1007/978-3-642-39634-2_32},
       URL = {https://doi-org.colorado.idm.oclc.org/10.1007/978-3-642-39634-2_32},
}
		
@incollection {MR3111263,
    AUTHOR = {K\"{u}hlwein, Daniel and Blanchette, Jasmin Christian and Kaliszyk, Cezary and Urban, Josef},
     TITLE = {Ma{S}h: machine learning for {S}ledgehammer},
 BOOKTITLE = {Interactive theorem proving},
    SERIES = {Lecture Notes in Comput. Sci.},
    VOLUME = {7998},
     PAGES = {35--50},
 PUBLISHER = {Springer, Heidelberg},
      YEAR = {2013},
   MRCLASS = {Expansion},
  MRNUMBER = {3111263},
       DOI = {10.1007/978-3-642-39634-2_6},
       URL = {https://doi-org.colorado.idm.oclc.org/10.1007/978-3-642-39634-2_6},
}
		
@incollection {MR3095586,
    AUTHOR = {K\"{u}hlwein, Daniel and Schulz, Stephan and Urban, Josef},
     TITLE = {E-{M}a{L}e{S} 1.1},
 BOOKTITLE = {Automated deduction---{CADE}-24},
    SERIES = {Lecture Notes in Comput. Sci.},
    VOLUME = {7898},
     PAGES = {407--413},
 PUBLISHER = {Springer, Heidelberg},
      YEAR = {2013},
   MRCLASS = {Expansion},
  MRNUMBER = {3095586},
       DOI = {10.1007/978-3-642-38574-2_28},
       URL = {https://doi-org.colorado.idm.oclc.org/10.1007/978-3-642-38574-2_28},
}
		
@incollection {MR3095576,
    AUTHOR = {Kaliszyk, Cezary and Urban, Josef},
     TITLE = {P{R}oc{H}: proof reconstruction of {HOL} {L}ight},
 BOOKTITLE = {Automated deduction---{CADE}-24},
    SERIES = {Lecture Notes in Comput. Sci.},
    VOLUME = {7898},
     PAGES = {267--274},
 PUBLISHER = {Springer, Heidelberg},
      YEAR = {2013},
   MRCLASS = {Expansion},
  MRNUMBER = {3095576},
       DOI = {10.1007/978-3-642-38574-2_18},
       URL = {https://doi-org.colorado.idm.oclc.org/10.1007/978-3-642-38574-2_18},
}
		
@incollection {MR3084226,
    AUTHOR = {Urban, Josef and Vysko\v{c}il, Ji\v{r}\'{\i}},
     TITLE = {Theorem proving in large formal mathematics as an emerging {AI} field},
 BOOKTITLE = {Automated reasoning and mathematics},
    SERIES = {Lecture Notes in Comput. Sci.},
    VOLUME = {7788},
     PAGES = {240--257},
 PUBLISHER = {Springer, Heidelberg},
      YEAR = {2013},
   MRCLASS = {68T15},
  MRNUMBER = {3084226},
       DOI = {10.1007/978-3-642-36675-8_13},
       URL = {https://doi-org.colorado.idm.oclc.org/10.1007/978-3-642-36675-8_13},
}
		
@article {MR3016805,
    AUTHOR = {Urban, Josef and Rudnicki, Piotr and Sutcliffe, Geoff},
     TITLE = {A{TP} and presentation service for {M}izar formalizations},
   JOURNAL = {J. Automat. Reason.},
  FJOURNAL = {Journal of Automated Reasoning},
    VOLUME = {50},
      YEAR = {2013},
    NUMBER = {2},
     PAGES = {229--241},
      ISSN = {0168-7433},
   MRCLASS = {68T15},
  MRNUMBER = {3016805},
       DOI = {10.1007/s10817-012-9269-y},
       URL = {https://doi-org.colorado.idm.oclc.org/10.1007/s10817-012-9269-y},
}
		
@article {MR3016801,
    AUTHOR = {Iancu, Mihnea and Kohlhase, Michael and Rabe, Florian and Urban, Josef},
     TITLE = {The {M}izar {M}athematical {L}ibrary in {OMD}oc: translation and applications},
   JOURNAL = {J. Automat. Reason.},
  FJOURNAL = {Journal of Automated Reasoning},
    VOLUME = {50},
      YEAR = {2013},
    NUMBER = {2},
     PAGES = {191--202},
      ISSN = {0168-7433},
   MRCLASS = {68T15 (03B35)},
  MRNUMBER = {3016801},
       DOI = {10.1007/s10817-012-9271-4},
       URL = {https://doi-org.colorado.idm.oclc.org/10.1007/s10817-012-9271-4},
}
		
@incollection {MR2992350,
    AUTHOR = {K\"{u}hlwein, Daniel and van Laarhoven, Twan and Tsivtsivadze,
              Evgeni and Urban, Josef and Heskes, Tom},
     TITLE = {Overview and evaluation of premise selection techniques for large theory mathematics},
 BOOKTITLE = {Automated reasoning},
    SERIES = {Lecture Notes in Comput. Sci.},
    VOLUME = {7364},
     PAGES = {378--392},
 PUBLISHER = {Springer, Heidelberg},
      YEAR = {2012},
   MRCLASS = {03B35 (68P15)},
  MRNUMBER = {2992350},
       DOI = {10.1007/978-3-642-31365-3_30},
       URL = {https://doi-org.colorado.idm.oclc.org/10.1007/978-3-642-31365-3_30},
}
		
@incollection {MR2965633,
    AUTHOR = {Alama, Jesse and K\"{u}hlwein, Daniel and Urban, Josef},
     TITLE = {Automated and human proofs in general mathematics: an initial comparison},
 BOOKTITLE = {Logic for programming, artificial intelligence, and reasoning},
    SERIES = {Lecture Notes in Comput. Sci.},
    VOLUME = {7180},
     PAGES = {37--45},
 PUBLISHER = {Springer, Heidelberg},
      YEAR = {2012},
   MRCLASS = {68T15 (03B35)},
  MRNUMBER = {2965633},
       DOI = {10.1007/978-3-642-28717-6_6},
       URL = {https://doi-org.colorado.idm.oclc.org/10.1007/978-3-642-28717-6_6},
}
		
@incollection {MR2854491,
    AUTHOR = {Urban, Josef and Vysko\v{c}il, Ji\v{r}\'{\i} and \v{S}t\v{e}p\'{a}nek, Petr},
     TITLE = {{$\ssf{MaLeCoP}$}: machine learning connection prover},
 BOOKTITLE = {Automated reasoning with analytic tableaux and related methods},
    SERIES = {Lecture Notes in Comput. Sci.},
    VOLUME = {6793},
     PAGES = {263--277},
 PUBLISHER = {Springer, Heidelberg},
      YEAR = {2011},
   MRCLASS = {03B35 (68T05 68T15)},
  MRNUMBER = {2854491},
       DOI = {10.1007/978-3-642-22119-4_21},
       URL = {https://doi-org.colorado.idm.oclc.org/10.1007/978-3-642-22119-4_21},
}
		
@incollection {MR3663187,
    AUTHOR = {Urban, Josef and Hoder, Krystof and Voronkov, Andrei},
     TITLE = {Evaluation of automated theorem proving on the {M}izar mathematical library},
 BOOKTITLE = {Mathematical software---{ICMS} 2010},
    SERIES = {Lecture Notes in Comput. Sci.},
    VOLUME = {6327},
     PAGES = {155--166},
 PUBLISHER = {Springer, Berlin},
      YEAR = {2010},
   MRCLASS = {68T15},
  MRNUMBER = {3663187},
}
		
@incollection {MR2925259,
    AUTHOR = {Vysko\v{c}il, Ji\v{r}\'{\i} and Stanovsk\'{y}, David and Urban, Josef},
     TITLE = {Automated proof compression by invention of new definitions},
 BOOKTITLE = {Logic for programming, artificial intelligence, and reasoning},
    SERIES = {Lecture Notes in Comput. Sci.},
    VOLUME = {6355},
     PAGES = {447--462},
 PUBLISHER = {Springer, Berlin},
      YEAR = {2010},
   MRCLASS = {Expansion},
  MRNUMBER = {2925259},
       DOI = {10.1007/978-3-642-17511-4_25},
       URL = {https://doi-org.colorado.idm.oclc.org/10.1007/978-3-642-17511-4_25},
}
		
@article {MR2507436,
    AUTHOR = {Urban, Josef and Sutcliffe, Geoff},
     TITLE = {A{TP}-based cross-verification of {M}izar proofs: method,
              systems, and first experiments},
   JOURNAL = {Math. Comput. Sci.},
  FJOURNAL = {Mathematics in Computer Science},
    VOLUME = {2},
      YEAR = {2008},
    NUMBER = {2},
     PAGES = {231--251},
      ISSN = {1661-8270},
   MRCLASS = {68T15 (03B35)},
  MRNUMBER = {2507436},
       DOI = {10.1007/s11786-008-0053-7},
       URL = {https://doi-org.colorado.idm.oclc.org/10.1007/s11786-008-0053-7},
}
		
@article {MR2277549,
    AUTHOR = {Urban, Josef},
     TITLE = {Mizar{M}ode---an integrated proof assistance tool for the
              {M}izar way of formalizing mathematics},
   JOURNAL = {J. Appl. Log.},
  FJOURNAL = {Journal of Applied Logic},
    VOLUME = {4},
      YEAR = {2006},
    NUMBER = {4},
     PAGES = {414--427},
      ISSN = {1570-8683},
   MRCLASS = {03B35 (68T15)},
  MRNUMBER = {2277549},
       DOI = {10.1016/j.jal.2005.10.004},
       URL = {https://doi-org.colorado.idm.oclc.org/10.1016/j.jal.2005.10.004},
}
		
@article {MR2137987,
    AUTHOR = {Urban, Josef},
     TITLE = {M{PTP}---motivation, implementation, first experiments},
   JOURNAL = {J. Automat. Reason.},
  FJOURNAL = {Journal of Automated Reasoning},
    VOLUME = {33},
      YEAR = {2004},
    NUMBER = {3-4},
     PAGES = {319--339 (2005)},
      ISSN = {0168-7433},
   MRCLASS = {68T15 (03B35)},
  MRNUMBER = {2137987},
       DOI = {10.1007/s10817-004-6245-1},
       URL = {https://doi-org.colorado.idm.oclc.org/10.1007/s10817-004-6245-1},
}
		