@article {MR3909782,
    AUTHOR = {Schrijvers, Tom and Oliveira, Bruno C. D. S. and Wadler,
              Philip and Marntirosian, Koar},
     TITLE = {C{OCHIS}: stable and coherent implicits},
   JOURNAL = {J. Funct. Programming},
  FJOURNAL = {Journal of Functional Programming},
    VOLUME = {29},
      YEAR = {2019},
     PAGES = {e3, 82},
      ISSN = {0956-7968},
   MRCLASS = {68N19},
  MRNUMBER = {3909782},
       DOI = {10.1017/S0956796818000242},
       URL = {https://doi-org.colorado.idm.oclc.org/10.1017/S0956796818000242},
}
		
@incollection {MR3883947,
    AUTHOR = {Wadler, Philip},
     TITLE = {Programming language foundations in {A}gda},
 BOOKTITLE = {Formal methods: foundations and applications},
    SERIES = {Lecture Notes in Comput. Sci.},
    VOLUME = {11254},
     PAGES = {56--73},
 PUBLISHER = {Springer, Cham},
      YEAR = {2018},
   MRCLASS = {68N18 (68T15)},
  MRNUMBER = {3883947},
}
		
@article {MR3637260,
    AUTHOR = {Wadler, Philip},
     TITLE = {Abstract data types without the types},
   JOURNAL = {J.UCS},
  FJOURNAL = {J.UCS. Journal of Universal Computer Science},
    VOLUME = {23},
      YEAR = {2017},
    NUMBER = {1},
     PAGES = {5--20},
      ISSN = {0948-695X},
   MRCLASS = {68Q65 (68N15)},
  MRNUMBER = {3637260},
}
		
@incollection {MR3566823,
    AUTHOR = {Carbone, Marco and Lindley, Sam and Montesi, Fabrizio and
              Sch\"{u}rmann, Carsten and Wadler, Philip},
     TITLE = {Coherence generalises duality: a logical explanation of
              multiparty session types},
 BOOKTITLE = {27th {I}nternational {C}onference on {C}oncurrency {T}heory},
    SERIES = {LIPIcs. Leibniz Int. Proc. Inform.},
    VOLUME = {59},
     PAGES = {Art. No. 33, 15},
 PUBLISHER = {Schloss Dagstuhl. Leibniz-Zent. Inform., Wadern},
      YEAR = {2016},
   MRCLASS = {68Q85 (03F52)},
  MRNUMBER = {3566823},
}
		
@incollection {MR3453105,
    AUTHOR = {Wadler, Philip},
     TITLE = {A complement to blame},
 BOOKTITLE = {1st {S}ummit on {A}dvances in {P}rogramming {L}anguages},
    SERIES = {LIPIcs. Leibniz Int. Proc. Inform.},
    VOLUME = {32},
     PAGES = {309--320},
 PUBLISHER = {Schloss Dagstuhl. Leibniz-Zent. Inform., Wadern},
      YEAR = {2015},
   MRCLASS = {68N18 (68N15)},
  MRNUMBER = {3453105},
MRREVIEWER = {Gabriel Ciobanu},
}
		
@article {MR3208355,
    AUTHOR = {Wadler, Philip},
     TITLE = {Propositions as sessions},
   JOURNAL = {J. Funct. Programming},
  FJOURNAL = {Journal of Functional Programming},
    VOLUME = {24},
      YEAR = {2014},
    NUMBER = {2-3},
     PAGES = {384--418},
      ISSN = {0956-7968},
   MRCLASS = {68N18 (03F52)},
  MRNUMBER = {3208355},
       DOI = {10.1017/S095679681400001X},
       URL = {https://doi-org.colorado.idm.oclc.org/10.1017/S095679681400001X},
}
		
@inproceedings {MR2889718,
    AUTHOR = {Lindley, Sam and Wadler, Philip and Yallop, Jeremy},
     TITLE = {Idioms are oblivious, arrows are meticulous, monads are
              promiscuous},
 BOOKTITLE = {Proceedings of the {S}econd {W}orkshop on {M}athematically
              {S}tructured {F}unctional {P}rogramming ({MSFP} 2008)},
    SERIES = {Electron. Notes Theor. Comput. Sci.},
    VOLUME = {229},
     PAGES = {97--117},
 PUBLISHER = {Elsevier Sci. B. V., Amsterdam},
      YEAR = {2011},
   MRCLASS = {Expansion},
  MRNUMBER = {2889718},
}
		
@article {MR2585608,
    AUTHOR = {Lindley, Sam and Wadler, Philip and Yallop, Jeremy},
     TITLE = {The arrow calculus},
   JOURNAL = {J. Funct. Programming},
  FJOURNAL = {Journal of Functional Programming},
    VOLUME = {20},
      YEAR = {2010},
    NUMBER = {1},
     PAGES = {51--69},
      ISSN = {0956-7968},
   MRCLASS = {68N18 (03B40)},
  MRNUMBER = {2585608},
       DOI = {10.1017/S095679680999027X},
       URL = {https://doi-org.colorado.idm.oclc.org/10.1017/S095679680999027X},
}
		
@article {MR2556639,
    AUTHOR = {Schrijvers, Tom and Stuckey, Peter and Wadler, Philip},
     TITLE = {Monadic constraint programming},
   JOURNAL = {J. Funct. Programming},
  FJOURNAL = {Journal of Functional Programming},
    VOLUME = {19},
      YEAR = {2009},
    NUMBER = {6},
     PAGES = {663--697},
      ISSN = {0956-7968},
   MRCLASS = {68T20},
  MRNUMBER = {2556639},
       DOI = {10.1017/S0956796809990086},
       URL = {https://doi-org.colorado.idm.oclc.org/10.1017/S0956796809990086},
}
		
@article {MR2317326,
    AUTHOR = {Wadler, Philip},
     TITLE = {The {G}irard-{R}eynolds isomorphism (second edition)},
   JOURNAL = {Theoret. Comput. Sci.},
  FJOURNAL = {Theoretical Computer Science},
    VOLUME = {375},
      YEAR = {2007},
    NUMBER = {1-3},
     PAGES = {201--226},
      ISSN = {0304-3975},
   MRCLASS = {68N18 (03B40)},
  MRNUMBER = {2317326},
       DOI = {10.1016/j.tcs.2006.12.042},
       URL = {https://doi-org.colorado.idm.oclc.org/10.1016/j.tcs.2006.12.042},
}
		
@article {MR2317316,
    AUTHOR = {Danvy, Olivier and O'Hearn, Peter and Wadler, Philip},
     TITLE = {Preface [{F}estschrift for {J}ohn {C}. {R}eynolds's 70th
              birthday]},
   JOURNAL = {Theoret. Comput. Sci.},
  FJOURNAL = {Theoretical Computer Science},
    VOLUME = {375},
      YEAR = {2007},
    NUMBER = {1-3},
     PAGES = {1--2},
      ISSN = {0304-3975},
   MRCLASS = {00B30 (68-06)},
  MRNUMBER = {2317316},
       DOI = {10.1016/j.tcs.2006.12.024},
       URL = {https://doi-org.colorado.idm.oclc.org/10.1016/j.tcs.2006.12.024},
}
		
@incollection {MR2184546,
    AUTHOR = {Wadler, Philip},
     TITLE = {Call-by-value is dual to call-by-name reloaded},
 BOOKTITLE = {Term rewriting and applications},
    SERIES = {Lecture Notes in Comput. Sci.},
    VOLUME = {3467},
     PAGES = {185--203},
 PUBLISHER = {Springer, Berlin},
      YEAR = {2005},
   MRCLASS = {68N18 (03B40)},
  MRNUMBER = {2184546},
       DOI = {10.1007/978-3-540-32033-3_15},
       URL = {https://doi-org.colorado.idm.oclc.org/10.1007/978-3-540-32033-3_15},
}
		
@article {MR2030504,
    AUTHOR = {Wadler, Philip},
     TITLE = {The {G}irard-{R}eynolds isomorphism},
      NOTE = {TACS 2001 (Sendai)},
   JOURNAL = {Inform. and Comput.},
  FJOURNAL = {Information and Computation},
    VOLUME = {186},
      YEAR = {2003},
    NUMBER = {2},
     PAGES = {260--284},
      ISSN = {0890-5401},
   MRCLASS = {03B40 (68N18)},
  MRNUMBER = {2030504},
MRREVIEWER = {Fairouz D. Kamareddine},
       DOI = {10.1016/S0890-5401(03)00141-X},
       URL = {https://doi-org.colorado.idm.oclc.org/10.1016/S0890-5401(03)00141-X},
}
		
@article {MR1955319,
    AUTHOR = {Wadler, Philip and Thiemann, Peter},
     TITLE = {The marriage of effects and monads},
   JOURNAL = {ACM Trans. Comput. Log.},
  FJOURNAL = {ACM Transactions on Computational Logic},
    VOLUME = {4},
      YEAR = {2003},
    NUMBER = {1},
     PAGES = {1--32},
      ISSN = {1529-3785},
   MRCLASS = {68N15 (68N17 68Q55)},
  MRNUMBER = {1955319},
       DOI = {10.1145/601775.601776},
       URL = {https://doi-org.colorado.idm.oclc.org/10.1145/601775.601776},
}
		
@incollection {MR2050405,
    AUTHOR = {Sim\'{e}on, J\'{e}r\^{o}me and Wadler, Philip},
     TITLE = {The essence of {XML} (preliminary version)},
 BOOKTITLE = {Functional and logic programming},
    SERIES = {Lecture Notes in Comput. Sci.},
    VOLUME = {2441},
     PAGES = {21--46},
 PUBLISHER = {Springer, Berlin},
      YEAR = {2002},
   MRCLASS = {Expansion},
  MRNUMBER = {2050405},
       DOI = {10.1007/3-540-45788-7_2},
       URL = {https://doi-org.colorado.idm.oclc.org/10.1007/3-540-45788-7_2},
}
		
@incollection {MR1914907,
    AUTHOR = {Wadler, Philip},
     TITLE = {The {G}irard-{R}eynolds isomorphism},
 BOOKTITLE = {Theoretical aspects of computer software ({S}endai, 2001)},
    SERIES = {Lecture Notes in Comput. Sci.},
    VOLUME = {2215},
     PAGES = {468--491},
 PUBLISHER = {Springer, Berlin},
      YEAR = {2001},
   MRCLASS = {03B40 (68N18)},
  MRNUMBER = {1914907},
       DOI = {10.1007/3-540-45500-0_24},
       URL = {https://doi-org.colorado.idm.oclc.org/10.1007/3-540-45500-0_24},
}
		
@incollection {MR1850096,
    AUTHOR = {Fernandez, Mary and Simeon, Jerome and Wadler, Philip},
     TITLE = {An algebra for {XML} query},
 BOOKTITLE = {F{ST} {TCS} 2000: {F}oundations of software technology and
              theoretical computer science ({N}ew {D}elhi)},
    SERIES = {Lecture Notes in Comput. Sci.},
    VOLUME = {1974},
     PAGES = {11--45},
 PUBLISHER = {Springer, Berlin},
      YEAR = {2000},
   MRCLASS = {68P15},
  MRNUMBER = {1850096},
       DOI = {10.1007/3-540-44450-5_2},
       URL = {https://doi-org.colorado.idm.oclc.org/10.1007/3-540-44450-5_2},
}
		
@article {MR1716757,
    AUTHOR = {Turner, David N. and Wadler, Philip},
     TITLE = {Operational interpretations of linear logic},
      NOTE = {Linear logic, I (Tokyo, 1996)},
   JOURNAL = {Theoret. Comput. Sci.},
  FJOURNAL = {Theoretical Computer Science},
    VOLUME = {227},
      YEAR = {1999},
    NUMBER = {1-2},
     PAGES = {231--248},
      ISSN = {0304-3975},
   MRCLASS = {03F52 (03B47 68N18)},
  MRNUMBER = {1716757},
MRREVIEWER = {Henry Africk},
       DOI = {10.1016/S0304-3975(99)00054-7},
       URL = {https://doi-org.colorado.idm.oclc.org/10.1016/S0304-3975(99)00054-7},
}
		
@article {MR1716747,
    AUTHOR = {Maraist, J. and Odersky, M. and Turner, D. N. and Wadler, P.},
     TITLE = {Call-by-name, call-by-value, call-by-need and the linear
              lambda calculus},
      NOTE = {Mathematical foundations of programming semantics (New
              Orleans, LA, 1995)},
   JOURNAL = {Theoret. Comput. Sci.},
  FJOURNAL = {Theoretical Computer Science},
    VOLUME = {228},
      YEAR = {1999},
    NUMBER = {1-2},
     PAGES = {175--210},
      ISSN = {0304-3975},
   MRCLASS = {68N18 (03B40 03F52)},
  MRNUMBER = {1716747},
       DOI = {10.1016/S0304-3975(98)00358-2},
       URL = {https://doi-org.colorado.idm.oclc.org/10.1016/S0304-3975(98)00358-2},
}
		
@incollection {MR1714807,
    AUTHOR = {Wadler, Philip},
     TITLE = {How enterprises use functional languages, and why they don't},
 BOOKTITLE = {The logic programming paradigm},
    SERIES = {Artificial Intelligence},
     PAGES = {209--227},
 PUBLISHER = {Springer, Berlin},
      YEAR = {1999},
   MRCLASS = {68N17 (68N15)},
  MRNUMBER = {1714807},
}
		
@article {MR1652623,
    AUTHOR = {Maraist, John and Odersky, Martin and Wadler, Philip},
     TITLE = {The call-by-need lambda calculus},
   JOURNAL = {J. Funct. Programming},
  FJOURNAL = {Journal of Functional Programming},
    VOLUME = {8},
      YEAR = {1998},
    NUMBER = {3},
     PAGES = {275--317},
      ISSN = {0956-7968},
   MRCLASS = {68N18 (03B40)},
  MRNUMBER = {1652623},
MRREVIEWER = {Luca Roversi},
       DOI = {10.1017/S0956796898003037},
       URL = {https://doi-org.colorado.idm.oclc.org/10.1017/S0956796898003037},
}
		
@incollection {MR1461853,
    AUTHOR = {Benton, Nick and Wadler, Philip},
     TITLE = {Linear logic, monads and the lambda calculus},
 BOOKTITLE = {11th {A}nnual {IEEE} {S}ymposium on {L}ogic in {C}omputer
              {S}cience ({N}ew {B}runswick, {NJ}, 1996)},
     PAGES = {420--431},
 PUBLISHER = {IEEE Comput. Soc. Press, Los Alamitos, CA},
      YEAR = {1996},
   MRCLASS = {68Q55 (03B40 03B70 03F50 68N15 68Q60)},
  MRNUMBER = {1461853},
       DOI = {10.1109/LICS.1996.561458},
       URL = {https://doi-org.colorado.idm.oclc.org/10.1109/LICS.1996.561458},
}
		
@incollection {MR1486857,
    AUTHOR = {Maraist, John and Odersky, Martin and Turner, David N. and
              Wadler, Philip},
     TITLE = {Call-by-name, call-by-value, call-by-need, and the linear
              lambda calculus},
 BOOKTITLE = {Mathematical foundations of programming semantics ({N}ew
              {O}rleans, {LA}, 1995)},
    SERIES = {Electron. Notes Theor. Comput. Sci.},
    VOLUME = {1},
     PAGES = {23},
 PUBLISHER = {Elsevier Sci. B. V., Amsterdam},
      YEAR = {1995},
   MRCLASS = {03B40 (03B70 03F50 68N15)},
  MRNUMBER = {1486857},
}
		
@incollection {MR1314647,
    AUTHOR = {Wadler, Philip},
     TITLE = {A syntax for linear logic},
 BOOKTITLE = {Mathematical foundations of programming semantics ({N}ew
              {O}rleans, {LA}, 1993)},
    SERIES = {Lecture Notes in Comput. Sci.},
    VOLUME = {802},
     PAGES = {513--529},
 PUBLISHER = {Springer, Berlin},
      YEAR = {1994},
   MRCLASS = {03F50 (03B70 68N17)},
  MRNUMBER = {1314647},
       DOI = {10.1007/3-540-58027-1_24},
       URL = {https://doi-org.colorado.idm.oclc.org/10.1007/3-540-58027-1_24},
}
		
@incollection {MR1300459,
    AUTHOR = {Hall, Cordelia and Hammond, Kevin and Peyton Jones, Simon and
              Wadler, Philip},
     TITLE = {Type classes in {H}askell},
 BOOKTITLE = {Programming languages and systems---{ESOP} '94 ({E}dinburgh,
              1994)},
    SERIES = {Lecture Notes in Comput. Sci.},
    VOLUME = {788},
     PAGES = {241--256},
 PUBLISHER = {Springer, Berlin},
      YEAR = {1994},
   MRCLASS = {68Q55 (03B40 03B70)},
  MRNUMBER = {1300459},
       DOI = {10.1007/3-540-57880-3_16},
       URL = {https://doi-org.colorado.idm.oclc.org/10.1007/3-540-57880-3_16},
}
		
@incollection {MR1265064,
    AUTHOR = {Wadler, Philip},
     TITLE = {A taste of linear logic},
 BOOKTITLE = {Mathematical foundations of computer science 1993 ({G}da\'{n}sk,
              1993)},
    SERIES = {Lecture Notes in Comput. Sci.},
    VOLUME = {711},
     PAGES = {185--210},
 PUBLISHER = {Springer, Berlin},
      YEAR = {1993},
   MRCLASS = {03F50 (03B40 03B60 03B70 03F55 68-01 68Q55)},
  MRNUMBER = {1265064},
MRREVIEWER = {Aldo Ursini},
       DOI = {10.1007/3-540-57182-5_12},
       URL = {https://doi-org.colorado.idm.oclc.org/10.1007/3-540-57182-5_12},
}
		
@article {MR1202722,
    AUTHOR = {Wadler, Philip},
     TITLE = {Comprehending monads},
      NOTE = {1990 ACM Conference on Lisp and Functional Programming (Nice,
              1990)},
   JOURNAL = {Math. Structures Comput. Sci.},
  FJOURNAL = {Mathematical Structures in Computer Science. A Journal in the
              Applications of Categorical, Algebraic and Geometric Methods
              in Computer Science},
    VOLUME = {2},
      YEAR = {1992},
    NUMBER = {4},
     PAGES = {461--493},
      ISSN = {0960-1295},
   MRCLASS = {68Q55 (18C15)},
  MRNUMBER = {1202722},
MRREVIEWER = {Stephen J. Hegner},
       DOI = {10.1017/S0960129500001560},
       URL = {https://doi-org.colorado.idm.oclc.org/10.1017/S0960129500001560},
}
		
@article {MR1073377,
    AUTHOR = {Wadler, Philip},
     TITLE = {Deforestation: transforming programs to eliminate trees},
   JOURNAL = {Theoret. Comput. Sci.},
  FJOURNAL = {Theoretical Computer Science},
    VOLUME = {73},
      YEAR = {1990},
    NUMBER = {2},
     PAGES = {231--248},
      ISSN = {0304-3975},
   MRCLASS = {68N05},
  MRNUMBER = {1073377},
MRREVIEWER = {Chantal Berline},
       DOI = {10.1016/0304-3975(90)90147-A},
       URL = {https://doi-org.colorado.idm.oclc.org/10.1016/0304-3975(90)90147-A},
}
		
@article {MR0426531,
    AUTHOR = {Wadler, Philip L.},
     TITLE = {Analysis of an algorithm for real time garbage collection},
   JOURNAL = {Comm. ACM},
  FJOURNAL = {Communications of the Association for Computing Machinery},
    VOLUME = {19},
      YEAR = {1976},
    NUMBER = {9},
     PAGES = {491--500},
      ISSN = {0001-0782},
   MRCLASS = {68A50},
  MRNUMBER = {0426531},
MRREVIEWER = {George I. Davida},
       DOI = {10.1145/360336.360338},
       URL = {https://doi-org.colorado.idm.oclc.org/10.1145/360336.360338},
}
		
@article {MR0400241,
    AUTHOR = {Wadler, Philip L.},
     TITLE = {On pairs of nonintersecting faces of cell complexes},
   JOURNAL = {Proc. Amer. Math. Soc.},
  FJOURNAL = {Proceedings of the American Mathematical Society},
    VOLUME = {51},
      YEAR = {1975},
     PAGES = {438--440},
      ISSN = {0002-9939},
   MRCLASS = {57C05},
  MRNUMBER = {0400241},
MRREVIEWER = {L. S. Husch},
       DOI = {10.2307/2040337},
       URL = {https://doi-org.colorado.idm.oclc.org/10.2307/2040337},
}
		