@article {MR3643685,
    AUTHOR = {Wiedijk, Freek and Geuvers, Herman and Urban, Josef},
     TITLE = {A mathematical proof proved correct: the most efficient way to
              stack balls},
   JOURNAL = {Nieuw Arch. Wiskd. (5)},
  FJOURNAL = {Nieuw Archief voor Wiskunde. Vijfde Serie},
    VOLUME = {17},
      YEAR = {2016},
    NUMBER = {3},
     PAGES = {177--183},
      ISSN = {0028-9825},
   MRCLASS = {52C17 (03B35)},
  MRNUMBER = {3643685},
}
@article {MR3460638,
    AUTHOR = {Harrison, John and Urban, Josef and Wiedijk, Freek},
     TITLE = {Preface: twenty years of {QED} manifesto},
   JOURNAL = {J. Formaliz. Reason.},
  FJOURNAL = {Journal of Formalized Reasoning},
    VOLUME = {9},
      YEAR = {2016},
    NUMBER = {1},
     PAGES = {1--2},
      ISSN = {1972-5787},
   MRCLASS = {68-06 (03-06 03B35 68T15)},
  MRNUMBER = {3460638},
}
@article {MR3456384,
    AUTHOR = {Groote, Jan Friso and Wiedijk, Freek and Zantema, Hans},
     TITLE = {A probabilistic analysis of the {G}ame of the {G}oose},
   JOURNAL = {SIAM Rev.},
  FJOURNAL = {SIAM Review},
    VOLUME = {58},
      YEAR = {2016},
    NUMBER = {1},
     PAGES = {143--155},
      ISSN = {0036-1445},
   MRCLASS = {60C05 (60-04 60J05 60J10 91A60)},
  MRNUMBER = {3456384},
MRREVIEWER = {E. J. Barbeau},
       DOI = {10.1137/140983781},
       URL = {https://doi-org.colorado.idm.oclc.org/10.1137/140983781},
}
@article {MR3306726,
    AUTHOR = {Th\'{e}ry, Laurent and Wiedijk, Freek},
     TITLE = {Foreword to the special focus on formal proofs for mathematics
              and computer science},
   JOURNAL = {Math. Comput. Sci.},
  FJOURNAL = {Mathematics in Computer Science},
    VOLUME = {9},
      YEAR = {2015},
    NUMBER = {1},
     PAGES = {1--3},
      ISSN = {1661-8270},
   MRCLASS = {68-06},
  MRNUMBER = {3306726},
       DOI = {10.1007/s11786-014-0214-9},
       URL = {https://doi-org.colorado.idm.oclc.org/10.1007/s11786-014-0214-9},
}
@incollection {MR3362157,
    AUTHOR = {Harrison, John and Urban, Josef and Wiedijk, Freek},
     TITLE = {History of interactive theorem proving},
 BOOKTITLE = {Computational logic},
    SERIES = {Handb. Hist. Log.},
    VOLUME = {9},
     PAGES = {135--214},
 PUBLISHER = {Elsevier/North-Holland, Amsterdam},
      YEAR = {2014},
   MRCLASS = {03-03 (03B35 68T15)},
  MRNUMBER = {3362157},
       DOI = {10.1016/B978-0-444-51624-4.50004-6},
       URL = {https://doi-org.colorado.idm.oclc.org/10.1016/B978-0-444-51624-4.50004-6},
}
@incollection {MR3084844,
    AUTHOR = {Krebbers, Robbert and Wiedijk, Freek},
     TITLE = {Separation logic for non-local control flow and block scope
              variables},
 BOOKTITLE = {Foundations of software science and computation structures},
    SERIES = {Lecture Notes in Comput. Sci.},
    VOLUME = {7794},
     PAGES = {257--272},
 PUBLISHER = {Springer, Heidelberg},
      YEAR = {2013},
   MRCLASS = {68Q55},
  MRNUMBER = {3084844},
       DOI = {10.1007/978-3-642-37075-5_17},
       URL = {https://doi-org.colorado.idm.oclc.org/10.1007/978-3-642-37075-5_17},
}
@article {MR2994857,
    AUTHOR = {Wiedijk, Freek},
     TITLE = {A synthesis of the procedural and declarative styles of
              interactive theorem proving [reprint of MR2904953]},
   JOURNAL = {Log. Methods Comput. Sci.},
  FJOURNAL = {Logical Methods in Computer Science},
      YEAR = {2012},
    NUMBER = {Special issue: Types for Proofs and Programs, 2010},
     PAGES = {1:30, 26},
      ISSN = {1860-5974},
   MRCLASS = {68T15},
  MRNUMBER = {2994857},
}
@article {MR2904953,
    AUTHOR = {Wiedijk, Freek},
     TITLE = {A synthesis of the procedural and declarative styles of
              interactive theorem proving},
   JOURNAL = {Log. Methods Comput. Sci.},
  FJOURNAL = {Logical Methods in Computer Science},
    VOLUME = {8},
      YEAR = {2012},
    NUMBER = {1},
     PAGES = {1:30, 26},
      ISSN = {1860-5974},
   MRCLASS = {68T15},
  MRNUMBER = {2904953},
       DOI = {10.2168/LMCS-8(1:30)2012},
       URL = {https://doi-org.colorado.idm.oclc.org/10.2168/LMCS-8(1:30)2012},
}
@article {MR2547330,
    AUTHOR = {Wiedijk, Freek},
     TITLE = {Formalizing {A}rrow's theorem},
   JOURNAL = {S\={a}dhan\={a}},
  FJOURNAL = {S\={a}dhan\={a}. Academy Proceedings in Engineering Sciences},
    VOLUME = {34},
      YEAR = {2009},
    NUMBER = {1},
     PAGES = {193--220},
      ISSN = {0256-2499},
   MRCLASS = {68T15 (91B14)},
  MRNUMBER = {2547330},
       DOI = {10.1007/s12046-009-0005-1},
       URL = {https://doi-org.colorado.idm.oclc.org/10.1007/s12046-009-0005-1},
}
@incollection {MR2544200,
    AUTHOR = {Kaliszyk, Cezary and Wiedijk, Freek},
     TITLE = {Merging procedural and declarative proof},
 BOOKTITLE = {Types for proofs and programs},
    SERIES = {Lecture Notes in Comput. Sci.},
    VOLUME = {5497},
     PAGES = {203--219},
 PUBLISHER = {Springer, Berlin},
      YEAR = {2009},
   MRCLASS = {03F07 (03B35 68Q42)},
  MRNUMBER = {2544200},
       DOI = {10.1007/978-3-642-02444-3_13},
       URL = {https://doi-org.colorado.idm.oclc.org/10.1007/978-3-642-02444-3_13},
}
@article {MR2463993,
    AUTHOR = {Wiedijk, Freek},
     TITLE = {Formal proof---getting started},
   JOURNAL = {Notices Amer. Math. Soc.},
  FJOURNAL = {Notices of the American Mathematical Society},
    VOLUME = {55},
      YEAR = {2008},
    NUMBER = {11},
     PAGES = {1408--1417},
      ISSN = {0002-9920},
   MRCLASS = {68T15 (03B35)},
  MRNUMBER = {2463993},
}
@inproceedings {MR2437370,
    AUTHOR = {Geuvers, Herman and Wiedijk, Freek},
     TITLE = {A logical framework with explicit conversions},
 BOOKTITLE = {Proceedings of the {F}ourth {I}nternational {W}orkshop on
              {L}ogical {F}rameworks and {M}eta-{L}anguages ({LFM} 2004)},
    SERIES = {Electron. Notes Theor. Comput. Sci.},
    VOLUME = {199},
     PAGES = {33--47},
 PUBLISHER = {Elsevier Sci. B. V., Amsterdam},
      YEAR = {2008},
   MRCLASS = {Expansion},
  MRNUMBER = {2437370},
       DOI = {10.1016/j.entcs.2007.11.011},
       URL = {https://doi-org.colorado.idm.oclc.org/10.1016/j.entcs.2007.11.011},
}
@incollection {MR2550900,
    AUTHOR = {Wiedijk, Freek},
     TITLE = {Mizar's soft type system},
 BOOKTITLE = {Theorem proving in higher order logics},
    SERIES = {Lecture Notes in Comput. Sci.},
    VOLUME = {4732},
     PAGES = {383--399},
 PUBLISHER = {Springer, Berlin},
      YEAR = {2007},
   MRCLASS = {Expansion},
  MRNUMBER = {2550900},
       DOI = {10.1007/978-3-540-74591-4_28},
       URL = {https://doi-org.colorado.idm.oclc.org/10.1007/978-3-540-74591-4_28},
}
@article {MR2311084,
    AUTHOR = {Geuvers, Herman and Niqui, Milad and Spitters, Bas and
              Wiedijk, Freek},
     TITLE = {Constructive analysis, types and exact real numbers},
   JOURNAL = {Math. Structures Comput. Sci.},
  FJOURNAL = {Mathematical Structures in Computer Science. A Journal in the
              Applications of Categorical, Algebraic and Geometric Methods
              in Computer Science},
    VOLUME = {17},
      YEAR = {2007},
    NUMBER = {1},
     PAGES = {3--36},
      ISSN = {0960-1295},
   MRCLASS = {03F60 (03B30 03D45)},
  MRNUMBER = {2311084},
       DOI = {10.1017/S0960129506005834},
       URL = {https://doi-org.colorado.idm.oclc.org/10.1017/S0960129506005834},
}
@article {MR2311083,
    AUTHOR = {Spitters, Bas and Geuvers, Herman and Niqui, Milad and
              Wiedijk, Freek},
     TITLE = {Preface to the special issue: constructive analysis, types and
              exact real numbers},
   JOURNAL = {Math. Structures Comput. Sci.},
  FJOURNAL = {Mathematical Structures in Computer Science. A Journal in the
              Applications of Categorical, Algebraic and Geometric Methods
              in Computer Science},
    VOLUME = {17},
      YEAR = {2007},
    NUMBER = {1},
     PAGES = {1},
      ISSN = {0960-1295},
   MRCLASS = {03-06},
  MRNUMBER = {2311083},
       DOI = {10.1017/S0960129506005846},
       URL = {https://doi-org.colorado.idm.oclc.org/10.1017/S0960129506005846},
}
@article {MR2277556,
    AUTHOR = {Wiedijk, Freek},
     TITLE = {Is {ZF} a hack? {C}omparing the complexity of some (formalist
              interpretations of) foundational systems for mathematics},
   JOURNAL = {J. Appl. Log.},
  FJOURNAL = {Journal of Applied Logic},
    VOLUME = {4},
      YEAR = {2006},
    NUMBER = {4},
     PAGES = {622--645},
      ISSN = {1570-8683},
   MRCLASS = {03B35 (68T15)},
  MRNUMBER = {2277556},
MRREVIEWER = {Fairouz D. Kamareddine},
       DOI = {10.1016/j.jal.2005.10.011},
       URL = {https://doi-org.colorado.idm.oclc.org/10.1016/j.jal.2005.10.011},
}
@article {MR2197654,
    AUTHOR = {Barendregt, Henk and Wiedijk, Freek},
     TITLE = {The challenge of computer mathematics},
   JOURNAL = {Philos. Trans. R. Soc. Lond. Ser. A Math. Phys. Eng. Sci.},
  FJOURNAL = {Philosophical Transactions of the Royal Society of London.
              Series A. Mathematical, Physical and Engineering Sciences},
    VOLUME = {363},
      YEAR = {2005},
    NUMBER = {1835},
     PAGES = {2351--2375},
      ISSN = {1364-503X},
   MRCLASS = {03A05 (03B35 68W30)},
  MRNUMBER = {2197654},
       DOI = {10.1098/rsta.2005.1650},
       URL = {https://doi-org.colorado.idm.oclc.org/10.1098/rsta.2005.1650},
}
@article {MR2169381,
    AUTHOR = {Beeson, Michael and Wiedijk, Freek},
     TITLE = {The meaning of infinity in calculus and computer algebra
              systems},
   JOURNAL = {J. Symbolic Comput.},
  FJOURNAL = {Journal of Symbolic Computation},
    VOLUME = {39},
      YEAR = {2005},
    NUMBER = {5},
     PAGES = {523--538},
      ISSN = {0747-7171},
   MRCLASS = {68W30},
  MRNUMBER = {2169381},
       DOI = {10.1016/j.jsc.2004.12.002},
       URL = {https://doi-org.colorado.idm.oclc.org/10.1016/j.jsc.2004.12.002},
}
@incollection {MR2151344,
    AUTHOR = {Wiedijk, Freek},
     TITLE = {Formal proof sketches},
 BOOKTITLE = {Types for proofs and programs},
    SERIES = {Lecture Notes in Comput. Sci.},
    VOLUME = {3085},
     PAGES = {378--393},
 PUBLISHER = {Springer, Berlin},
      YEAR = {2004},
   MRCLASS = {03B35 (68T15)},
  MRNUMBER = {2151344},
       DOI = {10.1007/978-3-540-24849-1_24},
       URL = {https://doi-org.colorado.idm.oclc.org/10.1007/978-3-540-24849-1_24},
}
@incollection {MR2142108,
    AUTHOR = {Cruz-Filipe, Lu\'{i}s and Wiedijk, Freek},
     TITLE = {Hierarchical reflection},
 BOOKTITLE = {Theorem proving in higher order logics},
    SERIES = {Lecture Notes in Comput. Sci.},
    VOLUME = {3223},
     PAGES = {66--81},
 PUBLISHER = {Springer, Berlin},
      YEAR = {2004},
   MRCLASS = {68T15 (03B15)},
  MRNUMBER = {2142108},
       DOI = {10.1007/978-3-540-30142-4_5},
       URL = {https://doi-org.colorado.idm.oclc.org/10.1007/978-3-540-30142-4_5},
}
@incollection {MR2077100,
    AUTHOR = {Wiedijk, F. and Zwanenburg, J.},
     TITLE = {First order logic with domain conditions},
 BOOKTITLE = {Theorem proving in higher order logics},
    SERIES = {Lecture Notes in Comput. Sci.},
    VOLUME = {2758},
     PAGES = {221--237},
 PUBLISHER = {Springer, Berlin},
      YEAR = {2003},
   MRCLASS = {03B35 (68T15)},
  MRNUMBER = {2077100},
       DOI = {10.1007/10930755_15},
       URL = {https://doi-org.colorado.idm.oclc.org/10.1007/10930755_15},
}
@incollection {MR2052092,
    AUTHOR = {Beeson, Michael and Wiedijk, Freek},
     TITLE = {The meaning of infinity in calculus and computer algebra
              systems},
 BOOKTITLE = {Artificial intelligence, automated reasoning, and symbolic
              computation},
    SERIES = {Lecture Notes in Comput. Sci.},
    VOLUME = {2385},
     PAGES = {246--258},
 PUBLISHER = {Springer, Berlin},
      YEAR = {2002},
   MRCLASS = {Expansion},
  MRNUMBER = {2052092},
       DOI = {10.1007/3-540-45470-5_23},
       URL = {https://doi-org.colorado.idm.oclc.org/10.1007/3-540-45470-5_23},
}
@incollection {MR2044533,
    AUTHOR = {Geuvers, Herman and Wiedijk, Freek and Zwanenburg, Jan},
     TITLE = {A constructive proof of the fundamental theorem of algebra
              without using the rationals},
 BOOKTITLE = {Types for proofs and programs ({D}urham, 2000)},
    SERIES = {Lecture Notes in Comput. Sci.},
    VOLUME = {2277},
     PAGES = {96--111},
 PUBLISHER = {Springer, Berlin},
      YEAR = {2002},
   MRCLASS = {03F65 (03F60)},
  MRNUMBER = {2044533},
       DOI = {10.1007/3-540-45842-5_7},
       URL = {https://doi-org.colorado.idm.oclc.org/10.1007/3-540-45842-5_7},
}
@article {MR1966961,
    AUTHOR = {Wenzel, Markus and Wiedijk, Freek},
     TITLE = {A comparison of {M}izar and {I}sar},
      NOTE = {Mechanizing and automating mathematics: in honor of N. G. de
              Bruijn},
   JOURNAL = {J. Automat. Reason.},
  FJOURNAL = {Journal of Automated Reasoning},
    VOLUME = {29},
      YEAR = {2002},
    NUMBER = {3-4},
     PAGES = {389--411},
      ISSN = {0168-7433},
   MRCLASS = {03B35 (68T15)},
  MRNUMBER = {1966961},
       DOI = {10.1023/A:1021935419355},
       URL = {https://doi-org.colorado.idm.oclc.org/10.1023/A:1021935419355},
}
@article {MR1966960,
    AUTHOR = {Wiedijk, Freek},
     TITLE = {A new implementation of {A}utomath},
      NOTE = {Mechanizing and automating mathematics: in honor of N. G. de
              Bruijn},
   JOURNAL = {J. Automat. Reason.},
  FJOURNAL = {Journal of Automated Reasoning},
    VOLUME = {29},
      YEAR = {2002},
    NUMBER = {3-4},
     PAGES = {365--387},
      ISSN = {0168-7433},
   MRCLASS = {03B35 (68N18 68T15)},
  MRNUMBER = {1966960},
       DOI = {10.1023/A:1021983302516},
       URL = {https://doi-org.colorado.idm.oclc.org/10.1023/A:1021983302516},
}
@article {MR1946635,
    AUTHOR = {Geuvers, Herman and Pollack, Randy and Wiedijk, Freek and
              Zwanenburg, Jan},
     TITLE = {A constructive algebraic hierarchy in {C}oq},
      NOTE = {Integrated reasoning and algebra systems (Siena, 2001)},
   JOURNAL = {J. Symbolic Comput.},
  FJOURNAL = {Journal of Symbolic Computation},
    VOLUME = {34},
      YEAR = {2002},
    NUMBER = {4},
     PAGES = {271--286},
      ISSN = {0747-7171},
   MRCLASS = {68W30 (03B35 68T15)},
  MRNUMBER = {1946635},
       DOI = {10.1006/jsco.2002.0552},
       URL = {https://doi-org.colorado.idm.oclc.org/10.1006/jsco.2002.0552},
}
@incollection {MR1879747,
    AUTHOR = {Geuvers, H. and Wiedijk, F. and Zwanenburg, J.},
     TITLE = {Equational reasoning via partial reflection},
 BOOKTITLE = {Theorem proving in higher order logics ({P}ortland, {OR},
              2000)},
    SERIES = {Lecture Notes in Comput. Sci.},
    VOLUME = {1869},
     PAGES = {162--178},
 PUBLISHER = {Springer, Berlin},
      YEAR = {2000},
   MRCLASS = {68T15 (03B15 03B35)},
  MRNUMBER = {1879747},
       DOI = {10.1007/3-540-44659-1_11},
       URL = {https://doi-org.colorado.idm.oclc.org/10.1007/3-540-44659-1_11},
}
@article {MR1122509,
    AUTHOR = {Bergstra, J. A. and Mauw, S. and Wiedijk, F.},
     TITLE = {Uniform algebraic specifications of finite sets with equality},
   JOURNAL = {Internat. J. Found. Comput. Sci.},
  FJOURNAL = {International Journal of Foundations of Computer Science},
    VOLUME = {2},
      YEAR = {1991},
    NUMBER = {1},
     PAGES = {43--65},
      ISSN = {0129-0541},
   MRCLASS = {68Q65},
  MRNUMBER = {1122509},
       DOI = {10.1142/S0129054191000042},
       URL = {https://doi-org.colorado.idm.oclc.org/10.1142/S0129054191000042},
}
@article {MR718069,
    AUTHOR = {Bosma, W. and Jager, H. and Wiedijk, F.},
     TITLE = {Some metrical observations on the approximation by continued
              fractions},
   JOURNAL = {Nederl. Akad. Wetensch. Indag. Math.},
  FJOURNAL = {Koninklijke Nederlandse Akademie van Wetenschappen.
              Indagationes Mathematicae},
    VOLUME = {45},
      YEAR = {1983},
    NUMBER = {3},
     PAGES = {281--299},
      ISSN = {0019-3577},
   MRCLASS = {11K50 (28D99)},
  MRNUMBER = {718069},
MRREVIEWER = {Richard T. Bumby},
}
