@article {MR3802279,
    AUTHOR = {McNulty, George F. and Willard, Ross},
     TITLE = {Congruence meet-semidistributive locally finite varieties and
              a finite basis theorem},
   JOURNAL = {Algebra Universalis},
  FJOURNAL = {Algebra Universalis},
    VOLUME = {79},
      YEAR = {2018},
    NUMBER = {2},
     PAGES = {Art. 44, 20},
      ISSN = {0002-5240},
   MRCLASS = {08B05 (03C05 08B10)},
  MRNUMBER = {3802279},
       DOI = {10.1007/s00012-018-0524-x},
       URL = {https://doi-org.colorado.idm.oclc.org/10.1007/s00012-018-0524-x},
}
		
@article {MR3788739,
    AUTHOR = {Davey, Brian A. and Pitkethly, Jane G. and Willard, Ross},
     TITLE = {New-from-old full dualities via axiomatisation},
   JOURNAL = {Ann. Pure Appl. Logic},
  FJOURNAL = {Annals of Pure and Applied Logic},
    VOLUME = {169},
      YEAR = {2018},
    NUMBER = {7},
     PAGES = {588--615},
      ISSN = {0168-0072},
   MRCLASS = {08C20 (03C07 08C15)},
  MRNUMBER = {3788739},
       DOI = {10.1016/j.apal.2018.02.005},
       URL = {https://doi-org.colorado.idm.oclc.org/10.1016/j.apal.2018.02.005},
}
		
@article {MR3735501,
    AUTHOR = {Kearnes, Keith A. and Szendrei, \'Agnes and Willard, Ross},
     TITLE = {Simpler {M}altsev conditions for (weak) difference terms in
              locally finite varieties},
   JOURNAL = {Algebra Universalis},
  FJOURNAL = {Algebra Universalis},
    VOLUME = {78},
      YEAR = {2017},
    NUMBER = {4},
     PAGES = {555--561},
      ISSN = {0002-5240},
   MRCLASS = {08B05 (03C05)},
  MRNUMBER = {3735501},
MRREVIEWER = {Pedro S\'anchez Terraf},
       DOI = {10.1007/s00012-017-0475-7},
       URL = {https://doi-org.colorado.idm.oclc.org/10.1007/s00012-017-0475-7},
}
		
@incollection {MR3631047,
    AUTHOR = {Barto, Libor and Krokhin, Andrei and Willard, Ross},
     TITLE = {Polymorphisms, and how to use them},
 BOOKTITLE = {The constraint satisfaction problem: complexity and
              approximability},
    SERIES = {Dagstuhl Follow-Ups},
    VOLUME = {7},
     PAGES = {1--44},
 PUBLISHER = {Schloss Dagstuhl. Leibniz-Zent. Inform., Wadern},
      YEAR = {2017},
   MRCLASS = {68T20 (08A70 90C27)},
  MRNUMBER = {3631047},
}
		
@article {MR3449235,
    AUTHOR = {Kearnes, Keith and Szendrei, \'Agnes and Willard, Ross},
     TITLE = {A finite basis theorem for difference-term varieties with a
              finite residual bound},
   JOURNAL = {Trans. Amer. Math. Soc.},
  FJOURNAL = {Transactions of the American Mathematical Society},
    VOLUME = {368},
      YEAR = {2016},
    NUMBER = {3},
     PAGES = {2115--2143},
      ISSN = {0002-9947},
   MRCLASS = {03C05 (08B05 08B10)},
  MRNUMBER = {3449235},
MRREVIEWER = {Dejan Deli\'c},
       DOI = {10.1090/tran/6509},
       URL = {https://doi-org.colorado.idm.oclc.org/10.1090/tran/6509},
}
		
@article {MR3350327,
    AUTHOR = {Kozik, Marcin and Krokhin, Andrei and Valeriote, Matt and
              Willard, Ross},
     TITLE = {Characterizations of several {M}altsev conditions},
   JOURNAL = {Algebra Universalis},
  FJOURNAL = {Algebra Universalis},
    VOLUME = {73},
      YEAR = {2015},
    NUMBER = {3-4},
     PAGES = {205--224},
      ISSN = {0002-5240},
   MRCLASS = {08B05 (08A70 08B10)},
  MRNUMBER = {3350327},
MRREVIEWER = {David Hobby},
       DOI = {10.1007/s00012-015-0327-2},
       URL = {https://doi-org.colorado.idm.oclc.org/10.1007/s00012-015-0327-2},
}
		
@article {MR3239624,
    AUTHOR = {Valeriote, M. and Willard, R.},
     TITLE = {Idempotent {$n$}-permutable varieties},
   JOURNAL = {Bull. Lond. Math. Soc.},
  FJOURNAL = {Bulletin of the London Mathematical Society},
    VOLUME = {46},
      YEAR = {2014},
    NUMBER = {4},
     PAGES = {870--880},
      ISSN = {0024-6093},
   MRCLASS = {08A05 (06F99 68Q25)},
  MRNUMBER = {3239624},
       DOI = {10.1112/blms/bdu044},
       URL = {https://doi-org.colorado.idm.oclc.org/10.1112/blms/bdu044},
}
		
@article {MR3168498,
    AUTHOR = {Bentz, W. and Davey, B. A. and Pitkethly, J. G. and Willard,
              R.},
     TITLE = {Dualizability of automatic algebras},
   JOURNAL = {J. Pure Appl. Algebra},
  FJOURNAL = {Journal of Pure and Applied Algebra},
    VOLUME = {218},
      YEAR = {2014},
    NUMBER = {7},
     PAGES = {1324--1345},
      ISSN = {0022-4049},
   MRCLASS = {08C20 (08C15)},
  MRNUMBER = {3168498},
MRREVIEWER = {Peter Mayr},
       DOI = {10.1016/j.jpaa.2013.11.020},
       URL = {https://doi-org.colorado.idm.oclc.org/10.1016/j.jpaa.2013.11.020},
}
		
@inproceedings {MR3050433,
    AUTHOR = {Barto, Libor and Kozik, Marcin and Willard, Ross},
     TITLE = {Near unanimity constraints have bounded pathwidth duality},
 BOOKTITLE = {Proceedings of the 2012 27th {A}nnual {ACM}/{IEEE} {S}ymposium
              on {L}ogic in {C}omputer {S}cience},
     PAGES = {125--134},
 PUBLISHER = {IEEE Computer Soc., Los Alamitos, CA},
      YEAR = {2012},
   MRCLASS = {68Q25 (03C13 68R10 68T20)},
  MRNUMBER = {3050433},
       DOI = {10.1109/LICS.2012.24},
       URL = {https://doi-org.colorado.idm.oclc.org/10.1109/LICS.2012.24},
}
		
@article {MR2900859,
    AUTHOR = {Davey, Brian A. and Pitkethly, Jane G. and Willard, Ross},
     TITLE = {The lattice of alter egos},
   JOURNAL = {Internat. J. Algebra Comput.},
  FJOURNAL = {International Journal of Algebra and Computation},
    VOLUME = {22},
      YEAR = {2012},
    NUMBER = {1},
     PAGES = {1250007, 36},
      ISSN = {0218-1967},
   MRCLASS = {08C20 (06A15 08A55 08C15)},
  MRNUMBER = {2900859},
MRREVIEWER = {T. Katri\v n\'ak},
       DOI = {10.1142/S021819671100673X},
       URL = {https://doi-org.colorado.idm.oclc.org/10.1142/S021819671100673X},
}
		
@article {MR2678065,
    AUTHOR = {Idziak, Pawe\l  and Markovi\'c, Petar and McKenzie, Ralph and
              Valeriote, Matthew and Willard, Ross},
     TITLE = {Tractability and learnability arising from algebras with few
              subpowers},
   JOURNAL = {SIAM J. Comput.},
  FJOURNAL = {SIAM Journal on Computing},
    VOLUME = {39},
      YEAR = {2010},
    NUMBER = {7},
     PAGES = {3023--3037},
      ISSN = {0097-5397},
   MRCLASS = {68Q25 (08A70 68T99)},
  MRNUMBER = {2678065},
       DOI = {10.1137/090775646},
       URL = {https://doi-org.colorado.idm.oclc.org/10.1137/090775646},
}
		
@article {MR2563736,
    AUTHOR = {Berman, Joel and Idziak, Pawe\l  and Markovi\'c, Petar and
              McKenzie, Ralph and Valeriote, Matthew and Willard, Ross},
     TITLE = {Varieties with few subalgebras of powers},
   JOURNAL = {Trans. Amer. Math. Soc.},
  FJOURNAL = {Transactions of the American Mathematical Society},
    VOLUME = {362},
      YEAR = {2010},
    NUMBER = {3},
     PAGES = {1445--1473},
      ISSN = {0002-9947},
   MRCLASS = {08B05 (08A30 08A70 08B10 68Q25 68Q32 68T20)},
  MRNUMBER = {2563736},
MRREVIEWER = {Ivan Chajda},
       DOI = {10.1090/S0002-9947-09-04874-0},
       URL = {https://doi-org.colorado.idm.oclc.org/10.1090/S0002-9947-09-04874-0},
}
		
@article {MR2483124,
    AUTHOR = {McNulty, George F. and Sz\'ekely, Zolt\'an and Willard, Ross},
     TITLE = {Equational complexity of the finite algebra membership
              problem},
   JOURNAL = {Internat. J. Algebra Comput.},
  FJOURNAL = {International Journal of Algebra and Computation},
    VOLUME = {18},
      YEAR = {2008},
    NUMBER = {8},
     PAGES = {1283--1319},
      ISSN = {0218-1967},
   MRCLASS = {08B05 (03C05 68Q45 68Q70)},
  MRNUMBER = {2483124},
MRREVIEWER = {Keith A. Kearnes},
       DOI = {10.1142/S0218196708004913},
       URL = {https://doi-org.colorado.idm.oclc.org/10.1142/S0218196708004913},
}
		
@incollection {MR2401867,
    AUTHOR = {Willard, Ross},
     TITLE = {An overview of modern universal algebra},
 BOOKTITLE = {Logic {C}olloquium 2004},
    SERIES = {Lect. Notes Log.},
    VOLUME = {29},
     PAGES = {197--220},
 PUBLISHER = {Assoc. Symbol. Logic, Chicago, IL},
      YEAR = {2008},
   MRCLASS = {08-02 (03C05)},
  MRNUMBER = {2401867},
MRREVIEWER = {William H. Rowan},
}
		
@article {MR2373248,
    AUTHOR = {Clark, David M. and Davey, Brian A. and Willard, Ross},
     TITLE = {Not every full duality is strong!},
   JOURNAL = {Algebra Universalis},
  FJOURNAL = {Algebra Universalis},
    VOLUME = {57},
      YEAR = {2007},
    NUMBER = {4},
     PAGES = {375--381},
      ISSN = {0002-5240},
   MRCLASS = {08C05 (06D50 08C15)},
  MRNUMBER = {2373248},
MRREVIEWER = {T. Katri\v n\'ak},
       DOI = {10.1007/s00012-007-2030-4},
       URL = {https://doi-org.colorado.idm.oclc.org/10.1007/s00012-007-2030-4},
}
		
@article {MR2320006,
    AUTHOR = {Davey, Brian A. and Pitkethly, Jane G. and Willard, Ross},
     TITLE = {Dualisability versus residual character: a theorem and a
              counterexample},
   JOURNAL = {J. Pure Appl. Algebra},
  FJOURNAL = {Journal of Pure and Applied Algebra},
    VOLUME = {210},
      YEAR = {2007},
    NUMBER = {2},
     PAGES = {423--435},
      ISSN = {0022-4049},
   MRCLASS = {08A05 (06A12 08B26)},
  MRNUMBER = {2320006},
MRREVIEWER = {Anna Romanowska},
       DOI = {10.1016/j.jpaa.2006.10.001},
       URL = {https://doi-org.colorado.idm.oclc.org/10.1016/j.jpaa.2006.10.001},
}
		
@article {MR2218853,
    AUTHOR = {Davey, Brian A. and Haviar, Miroslav and Willard, Ross},
     TITLE = {Structural entailment},
   JOURNAL = {Algebra Universalis},
  FJOURNAL = {Algebra Universalis},
    VOLUME = {54},
      YEAR = {2005},
    NUMBER = {4},
     PAGES = {397--416},
      ISSN = {0002-5240},
   MRCLASS = {08C05 (08C15 18A40)},
  MRNUMBER = {2218853},
MRREVIEWER = {Paul Bankston},
       DOI = {10.1007/s00012-005-1944-y},
       URL = {https://doi-org.colorado.idm.oclc.org/10.1007/s00012-005-1944-y},
}
		
@article {MR2217961,
    AUTHOR = {Davey, Brian A. and Haviar, Miroslav and Willard, Ross},
     TITLE = {Full does not imply strong, does it?},
   JOURNAL = {Algebra Universalis},
  FJOURNAL = {Algebra Universalis},
    VOLUME = {54},
      YEAR = {2005},
    NUMBER = {1},
     PAGES = {1--22},
      ISSN = {0002-5240},
   MRCLASS = {06D50 (08C05 08C15 18A40)},
  MRNUMBER = {2217961},
MRREVIEWER = {Herberto J. Silva},
       DOI = {10.1007/s00012-005-1918-0},
       URL = {https://doi-org.colorado.idm.oclc.org/10.1007/s00012-005-1918-0},
}
		
@incollection {MR2082383,
    AUTHOR = {Willard, Ross},
     TITLE = {The finite basis problem},
 BOOKTITLE = {Contributions to general algebra. 15},
     PAGES = {199--206},
 PUBLISHER = {Heyn, Klagenfurt},
      YEAR = {2004},
   MRCLASS = {08B05 (03C05 08B15)},
  MRNUMBER = {2082383},
MRREVIEWER = {\'Agnes Szendrei},
}
		
@article {MR2075157,
    AUTHOR = {Willard, Ross},
     TITLE = {Determining whether {${\bf V}(A)$} has a model companion is
              undecidable},
   JOURNAL = {Internat. J. Algebra Comput.},
  FJOURNAL = {International Journal of Algebra and Computation},
    VOLUME = {14},
      YEAR = {2004},
    NUMBER = {3},
     PAGES = {325--355},
      ISSN = {0218-1967},
   MRCLASS = {03C05 (08B99)},
  MRNUMBER = {2075157},
MRREVIEWER = {Sheila Oates-Williams},
       DOI = {10.1142/S0218196704001748},
       URL = {https://doi-org.colorado.idm.oclc.org/10.1142/S0218196704001748},
}
		
@article {MR1913917,
    AUTHOR = {Kearnes, K. A. and Kiss, E. W. and Szendrei, \'A. and Willard,
              R. D.},
     TITLE = {Chief factor sizes in finitely generated varieties},
   JOURNAL = {Canad. J. Math.},
  FJOURNAL = {Canadian Journal of Mathematics. Journal Canadien de
              Math\'ematiques},
    VOLUME = {54},
      YEAR = {2002},
    NUMBER = {4},
     PAGES = {736--756},
      ISSN = {0008-414X},
   MRCLASS = {08A05 (08B10)},
  MRNUMBER = {1913917},
MRREVIEWER = {I. G. Rosenberg},
       DOI = {10.4153/CJM-2002-028-x},
       URL = {https://doi-org.colorado.idm.oclc.org/10.4153/CJM-2002-028-x},
}
		
@article {MR1835800,
    AUTHOR = {Clark, David M. and Idziak, Pawe\l  M. and Sabourin, Lousindi R.
              and Szab\'o, Csaba and Willard, Ross},
     TITLE = {Natural dualities for quasivarieties generated by a finite
              commutative ring},
      NOTE = {The Viktor Aleksandrovich Gorbunov memorial issue},
   JOURNAL = {Algebra Universalis},
  FJOURNAL = {Algebra Universalis},
    VOLUME = {46},
      YEAR = {2001},
    NUMBER = {1-2},
     PAGES = {285--320},
      ISSN = {0002-5240},
   MRCLASS = {16R10 (08C15 13M99)},
  MRNUMBER = {1835800},
MRREVIEWER = {A. I. Budkin},
       DOI = {10.1007/PL00000344},
       URL = {https://doi-org.colorado.idm.oclc.org/10.1007/PL00000344},
}
		
@article {MR1810552,
    AUTHOR = {Willard, Ross},
     TITLE = {Extending {B}aker's theorem},
      NOTE = {Conference on Lattices and Universal Algebra (Szeged, 1998)},
   JOURNAL = {Algebra Universalis},
  FJOURNAL = {Algebra Universalis},
    VOLUME = {45},
      YEAR = {2001},
    NUMBER = {2-3},
     PAGES = {335--344},
      ISSN = {0002-5240},
   MRCLASS = {08B05 (03C05)},
  MRNUMBER = {1810552},
MRREVIEWER = {Sheila Oates-Williams},
}
		
@article {MR1810551,
    AUTHOR = {Lampe, William A. and McNulty, George F. and Willard, Ross},
     TITLE = {Full duality among graph algebras and flat graph algebras},
      NOTE = {Conference on Lattices and Universal Algebra (Szeged, 1998)},
   JOURNAL = {Algebra Universalis},
  FJOURNAL = {Algebra Universalis},
    VOLUME = {45},
      YEAR = {2001},
    NUMBER = {2-3},
     PAGES = {311--334},
      ISSN = {0002-5240},
   MRCLASS = {08C15 (05C75 08B10 08C05)},
  MRNUMBER = {1810551},
MRREVIEWER = {H.-J. Hoehnke},
}
		
@article {MR1809859,
    AUTHOR = {Davey, Brian A. and Willard, Ross},
     TITLE = {The dualisability of a quasi-variety is independent of the
              generating algebra},
   JOURNAL = {Algebra Universalis},
  FJOURNAL = {Algebra Universalis},
    VOLUME = {45},
      YEAR = {2001},
    NUMBER = {1},
     PAGES = {103--106},
      ISSN = {0002-5240},
   MRCLASS = {08C15 (08C05 18A40)},
  MRNUMBER = {1809859},
       DOI = {10.1007/s000120050204},
       URL = {https://doi-org.colorado.idm.oclc.org/10.1007/s000120050204},
}
		
@article {MR1782114,
    AUTHOR = {Willard, Ross},
     TITLE = {A finite basis theorem for residually finite, congruence
              meet-semidistributive varieties},
   JOURNAL = {J. Symbolic Logic},
  FJOURNAL = {The Journal of Symbolic Logic},
    VOLUME = {65},
      YEAR = {2000},
    NUMBER = {1},
     PAGES = {187--200},
      ISSN = {0022-4812},
   MRCLASS = {08B05 (03C05)},
  MRNUMBER = {1782114},
MRREVIEWER = {Sheila Oates-Williams},
       DOI = {10.2307/2586531},
       URL = {https://doi-org.colorado.idm.oclc.org/10.2307/2586531},
}
		
@article {MR1770641,
    AUTHOR = {Hyndman, Jennifer and Willard, Ross},
     TITLE = {An algebra that is dualizable but not fully dualizable},
   JOURNAL = {J. Pure Appl. Algebra},
  FJOURNAL = {Journal of Pure and Applied Algebra},
    VOLUME = {151},
      YEAR = {2000},
    NUMBER = {1},
     PAGES = {31--42},
      ISSN = {0022-4049},
   MRCLASS = {08C15 (08C05 18A40)},
  MRNUMBER = {1770641},
       DOI = {10.1016/S0022-4049(99)00170-X},
       URL = {https://doi-org.colorado.idm.oclc.org/10.1016/S0022-4049(99)00170-X},
}
		
@article {MR1737264,
    AUTHOR = {Willard, Ross},
     TITLE = {Solution to the {C}hautauqua problem},
   JOURNAL = {Acta Sci. Math. (Szeged)},
  FJOURNAL = {Acta Universitatis Szegediensis. Acta Scientiarum
              Mathematicarum},
    VOLUME = {65},
      YEAR = {1999},
    NUMBER = {3-4},
     PAGES = {461--467},
      ISSN = {0001-6969},
   MRCLASS = {08B05 (03C05 08B15)},
  MRNUMBER = {1737264},
MRREVIEWER = {Joel Berman},
}
		
@article {MR1703071,
    AUTHOR = {Kearnes, Keith A. and Willard, Ross},
     TITLE = {Finiteness properties of locally finite abelian varieties},
   JOURNAL = {Internat. J. Algebra Comput.},
  FJOURNAL = {International Journal of Algebra and Computation},
    VOLUME = {9},
      YEAR = {1999},
    NUMBER = {2},
     PAGES = {157--168},
      ISSN = {0218-1967},
   MRCLASS = {08B05 (08A62)},
  MRNUMBER = {1703071},
MRREVIEWER = {Ewa Graczy\'nska},
       DOI = {10.1142/S0218196799000114},
       URL = {https://doi-org.colorado.idm.oclc.org/10.1142/S0218196799000114},
}
		
@article {MR1636966,
    AUTHOR = {Kearnes, Keith A. and Willard, Ross},
     TITLE = {Residually finite, congruence meet-semidistributive varieties
              of finite type have a finite residual bound},
   JOURNAL = {Proc. Amer. Math. Soc.},
  FJOURNAL = {Proceedings of the American Mathematical Society},
    VOLUME = {127},
      YEAR = {1999},
    NUMBER = {10},
     PAGES = {2841--2850},
      ISSN = {0002-9939},
   MRCLASS = {08B26 (08B10)},
  MRNUMBER = {1636966},
MRREVIEWER = {\'Agnes Szendrei},
       DOI = {10.1090/S0002-9939-99-05097-2},
       URL = {https://doi-org.colorado.idm.oclc.org/10.1090/S0002-9939-99-05097-2},
}
		
@article {MR1620693,
    AUTHOR = {Lawrence, John and Willard, Ross},
     TITLE = {On finitely based groups and nonfinitely based quasivarieties},
   JOURNAL = {J. Algebra},
  FJOURNAL = {Journal of Algebra},
    VOLUME = {203},
      YEAR = {1998},
    NUMBER = {1},
     PAGES = {1--11},
      ISSN = {0021-8693},
   MRCLASS = {20E10 (18C15)},
  MRNUMBER = {1620693},
MRREVIEWER = {Sheila Oates-Williams},
       DOI = {10.1006/jabr.1997.7470},
       URL = {https://doi-org.colorado.idm.oclc.org/10.1006/jabr.1997.7470},
}
		
@article {MR1458270,
    AUTHOR = {Willard, Ross},
     TITLE = {Two finitely generated varieties having no infinite simple
              members},
   JOURNAL = {Proc. Amer. Math. Soc.},
  FJOURNAL = {Proceedings of the American Mathematical Society},
    VOLUME = {126},
      YEAR = {1998},
    NUMBER = {3},
     PAGES = {629--635},
      ISSN = {0002-9939},
   MRCLASS = {08B26 (08A05)},
  MRNUMBER = {1458270},
MRREVIEWER = {\'Agnes Szendrei},
       DOI = {10.1090/S0002-9939-98-04521-3},
       URL = {https://doi-org.colorado.idm.oclc.org/10.1090/S0002-9939-98-04521-3},
}
		
@incollection {MR1481448,
    AUTHOR = {Willard, Ross},
     TITLE = {Three lectures on the {RS} problem},
 BOOKTITLE = {Algebraic model theory ({T}oronto, {ON}, 1996)},
    SERIES = {NATO Adv. Sci. Inst. Ser. C Math. Phys. Sci.},
    VOLUME = {496},
     PAGES = {231--254},
 PUBLISHER = {Kluwer Acad. Publ., Dordrecht},
      YEAR = {1997},
   MRCLASS = {03C05 (03B25 03C60 08-02 08A30)},
  MRNUMBER = {1481448},
MRREVIEWER = {S. Comer},
}
		
@article {MR1389791,
    AUTHOR = {Willard, Ross},
     TITLE = {Tarski's finite basis problem via {$A({\scr T})$}},
   JOURNAL = {Trans. Amer. Math. Soc.},
  FJOURNAL = {Transactions of the American Mathematical Society},
    VOLUME = {349},
      YEAR = {1997},
    NUMBER = {7},
     PAGES = {2755--2774},
      ISSN = {0002-9947},
   MRCLASS = {03C05 (08B05)},
  MRNUMBER = {1389791},
MRREVIEWER = {Katarzyna Ha\l kowska},
       DOI = {10.1090/S0002-9947-97-01807-2},
       URL = {https://doi-org.colorado.idm.oclc.org/10.1090/S0002-9947-97-01807-2},
}
		
@article {MR1419370,
    AUTHOR = {Burris, S. and Willard, R.},
     TITLE = {Problem 17 of {G}r\"atzer and {K}isielewicz},
   JOURNAL = {Algebra Universalis},
  FJOURNAL = {Algebra Universalis},
    VOLUME = {36},
      YEAR = {1996},
    NUMBER = {4},
     PAGES = {573--575},
      ISSN = {0002-5240},
   MRCLASS = {08A40},
  MRNUMBER = {1419370},
       DOI = {10.1007/BF01233926},
       URL = {https://doi-org.colorado.idm.oclc.org/10.1007/BF01233926},
}
		
@article {MR1407916,
    AUTHOR = {Willard, Ross},
     TITLE = {On {M}c{K}enzie's method},
   JOURNAL = {Period. Math. Hungar.},
  FJOURNAL = {Periodica Mathematica Hungarica. Journal of the J\'anos Bolyai
              Mathematical Society},
    VOLUME = {32},
      YEAR = {1996},
    NUMBER = {1-2},
     PAGES = {149--165},
      ISSN = {0031-5303},
   MRCLASS = {08B26 (06A12 08B05)},
  MRNUMBER = {1407916},
MRREVIEWER = {Joel Berman},
       DOI = {10.1007/BF01879739},
       URL = {https://doi-org.colorado.idm.oclc.org/10.1007/BF01879739},
}
		
@article {MR1375111,
    AUTHOR = {Willard, Ross},
     TITLE = {Essential arities of term operations in finite algebras},
   JOURNAL = {Discrete Math.},
  FJOURNAL = {Discrete Mathematics},
    VOLUME = {149},
      YEAR = {1996},
    NUMBER = {1-3},
     PAGES = {239--259},
      ISSN = {0012-365X},
   MRCLASS = {08A40},
  MRNUMBER = {1375111},
MRREVIEWER = {G. Gr\"atzer},
       DOI = {10.1016/0012-365X(94)00323-B},
       URL = {https://doi-org.colorado.idm.oclc.org/10.1016/0012-365X(94)00323-B},
}
		
@article {MR1312308,
    AUTHOR = {Willard, Ross},
     TITLE = {Hereditary undecidability of some theories of finite
              structures},
   JOURNAL = {J. Symbolic Logic},
  FJOURNAL = {The Journal of Symbolic Logic},
    VOLUME = {59},
      YEAR = {1994},
    NUMBER = {4},
     PAGES = {1254--1262},
      ISSN = {0022-4812},
   MRCLASS = {03D35 (03C13)},
  MRNUMBER = {1312308},
MRREVIEWER = {Denis Richard},
       DOI = {10.2307/2275703},
       URL = {https://doi-org.colorado.idm.oclc.org/10.2307/2275703},
}
		
@article {MR1303679,
    AUTHOR = {Kearnes, Keith and Willard, Ross},
     TITLE = {Inherently nonfinitely based solvable algebras},
   JOURNAL = {Canad. Math. Bull.},
  FJOURNAL = {Canadian Mathematical Bulletin. Bulletin Canadien de
              Math\'ematiques},
    VOLUME = {37},
      YEAR = {1994},
    NUMBER = {4},
     PAGES = {514--521},
      ISSN = {0008-4395},
   MRCLASS = {08B05 (08A62)},
  MRNUMBER = {1303679},
MRREVIEWER = {Ewa Graczy\'nska},
       DOI = {10.4153/CMB-1994-074-6},
       URL = {https://doi-org.colorado.idm.oclc.org/10.4153/CMB-1994-074-6},
}
		
@article {MR1290157,
    AUTHOR = {Valeriote, M. A. and Willard, R.},
     TITLE = {Discriminating varieties},
   JOURNAL = {Algebra Universalis},
  FJOURNAL = {Algebra Universalis},
    VOLUME = {32},
      YEAR = {1994},
    NUMBER = {2},
     PAGES = {177--188},
      ISSN = {0002-5240},
   MRCLASS = {08B99 (03B25)},
  MRNUMBER = {1290157},
MRREVIEWER = {S. Comer},
       DOI = {10.1007/BF01191537},
       URL = {https://doi-org.colorado.idm.oclc.org/10.1007/BF01191537},
}
		
@article {MR1259348,
    AUTHOR = {Willard, Ross},
     TITLE = {Decidable discriminator varieties with lattice stalks},
   JOURNAL = {Algebra Universalis},
  FJOURNAL = {Algebra Universalis},
    VOLUME = {31},
      YEAR = {1994},
    NUMBER = {2},
     PAGES = {177--195},
      ISSN = {0002-5240},
   MRCLASS = {08B99 (03B25 06B20)},
  MRNUMBER = {1259348},
       DOI = {10.1007/BF01236516},
       URL = {https://doi-org.colorado.idm.oclc.org/10.1007/BF01236516},
}
		
@article {MR1085938,
    AUTHOR = {Willard, Ross},
     TITLE = {Decidable discriminator varieties from unary classes},
   JOURNAL = {Trans. Amer. Math. Soc.},
  FJOURNAL = {Transactions of the American Mathematical Society},
    VOLUME = {336},
      YEAR = {1993},
    NUMBER = {1},
     PAGES = {311--333},
      ISSN = {0002-9947},
   MRCLASS = {08A50 (03B25 03C05 08A60)},
  MRNUMBER = {1085938},
MRREVIEWER = {Heinrich Werner},
       DOI = {10.2307/2154349},
       URL = {https://doi-org.colorado.idm.oclc.org/10.2307/2154349},
}
		
@article {MR1167529,
    AUTHOR = {Valeriote, Matthew A. and Willard, Ross},
     TITLE = {Some properties of finitely decidable varieties},
   JOURNAL = {Internat. J. Algebra Comput.},
  FJOURNAL = {International Journal of Algebra and Computation},
    VOLUME = {2},
      YEAR = {1992},
    NUMBER = {1},
     PAGES = {89--101},
      ISSN = {0218-1967},
   MRCLASS = {08A05 (03B25 03C05)},
  MRNUMBER = {1167529},
MRREVIEWER = {S. Comer},
       DOI = {10.1142/S0218196792000074},
       URL = {https://doi-org.colorado.idm.oclc.org/10.1142/S0218196792000074},
}
		
@article {MR1157438,
    AUTHOR = {Willard, Ross},
     TITLE = {Homogeneous locally finite varieties},
   JOURNAL = {Algebra Universalis},
  FJOURNAL = {Algebra Universalis},
    VOLUME = {29},
      YEAR = {1992},
    NUMBER = {2},
     PAGES = {300--301},
      ISSN = {0002-5240},
   MRCLASS = {08B25 (16R10)},
  MRNUMBER = {1157438},
       DOI = {10.1007/BF01190611},
       URL = {https://doi-org.colorado.idm.oclc.org/10.1007/BF01190611},
}
		
@article {MR1120430,
    AUTHOR = {Valeriote, Matthew A. and Willard, Ross},
     TITLE = {A characterization of congruence permutable locally finite
              varieties},
   JOURNAL = {J. Algebra},
  FJOURNAL = {Journal of Algebra},
    VOLUME = {140},
      YEAR = {1991},
    NUMBER = {2},
     PAGES = {362--369},
      ISSN = {0021-8693},
   MRCLASS = {08B05},
  MRNUMBER = {1120430},
MRREVIEWER = {David Hobby},
       DOI = {10.1016/0021-8693(91)90163-3},
       URL = {https://doi-org.colorado.idm.oclc.org/10.1016/0021-8693(91)90163-3},
}
		
@article {MR1060837,
    AUTHOR = {Willard, Ross},
     TITLE = {Varieties having {B}oolean factor congruences},
   JOURNAL = {J. Algebra},
  FJOURNAL = {Journal of Algebra},
    VOLUME = {132},
      YEAR = {1990},
    NUMBER = {1},
     PAGES = {130--153},
      ISSN = {0021-8693},
   MRCLASS = {08B05 (08B10)},
  MRNUMBER = {1060837},
MRREVIEWER = {E. T. Schmidt},
       DOI = {10.1016/0021-8693(90)90257-O},
       URL = {https://doi-org.colorado.idm.oclc.org/10.1016/0021-8693(90)90257-O},
}
		
@book {MR2637477,
    AUTHOR = {Willard, Ross David},
     TITLE = {Varieties having {B}oolean factor congruences},
      NOTE = {Thesis (Ph.D.)--University of Waterloo (Canada)},
 PUBLISHER = {ProQuest LLC, Ann Arbor, MI},
      YEAR = {1989},
     PAGES = {(no paging)},
      ISBN = {978-0315-49135-9},
   MRCLASS = {Thesis},
  MRNUMBER = {2637477},
       URL =
              {http://gateway.proquest.com.colorado.idm.oclc.org/openurl?url_ver=Z39.88-2004&rft_val_fmt=info:ofi/fmt:kev:mtx:dissertation&res_dat=xri:pqdiss&rft_dat=xri:pqdiss:NL49135},
}
		
@article {MR1044852,
    AUTHOR = {Willard, Ross},
     TITLE = {Congruence lattices of powers of an algebra},
   JOURNAL = {Algebra Universalis},
  FJOURNAL = {Algebra Universalis},
    VOLUME = {26},
      YEAR = {1989},
    NUMBER = {3},
     PAGES = {332--340},
      ISSN = {0002-5240},
   MRCLASS = {08B05 (08B10)},
  MRNUMBER = {1044852},
MRREVIEWER = {Alden Pixley},
       DOI = {10.1007/BF01211839},
       URL = {https://doi-org.colorado.idm.oclc.org/10.1007/BF01211839},
}
		
@article {MR999235,
    AUTHOR = {Willard, Ross},
     TITLE = {A note on indecomposable lattices},
   JOURNAL = {Algebra Universalis},
  FJOURNAL = {Algebra Universalis},
    VOLUME = {26},
      YEAR = {1989},
    NUMBER = {2},
     PAGES = {257--258},
      ISSN = {0002-5240},
   MRCLASS = {06B99 (03C40 03C65 03C75)},
  MRNUMBER = {999235},
       DOI = {10.1007/BF01236872},
       URL = {https://doi-org.colorado.idm.oclc.org/10.1007/BF01236872},
}
		
@article {MR962797,
    AUTHOR = {Willard, Ross},
     TITLE = {{$M_n$} as a {$0,1$}-sublattice of {${\rm Con}\,A$} does not
              force the term condition},
   JOURNAL = {Proc. Amer. Math. Soc.},
  FJOURNAL = {Proceedings of the American Mathematical Society},
    VOLUME = {104},
      YEAR = {1988},
    NUMBER = {2},
     PAGES = {349--356},
      ISSN = {0002-9939},
   MRCLASS = {08A30 (06B10 08A40)},
  MRNUMBER = {962797},
MRREVIEWER = {Joel Berman},
       DOI = {10.2307/2046978},
       URL = {https://doi-org.colorado.idm.oclc.org/10.2307/2046978},
}
		
@article {MR908642,
    AUTHOR = {Burris, S. and Willard, R.},
     TITLE = {Finitely many primitive positive clones},
   JOURNAL = {Proc. Amer. Math. Soc.},
  FJOURNAL = {Proceedings of the American Mathematical Society},
    VOLUME = {101},
      YEAR = {1987},
    NUMBER = {3},
     PAGES = {427--430},
      ISSN = {0002-9939},
   MRCLASS = {08A40 (03C50)},
  MRNUMBER = {908642},
MRREVIEWER = {\'Agnes Szendrei},
       DOI = {10.2307/2046382},
       URL = {https://doi-org.colorado.idm.oclc.org/10.2307/2046382},
}
		
@article {MR902991,
    AUTHOR = {Albert, Michael H. and Willard, Ross},
     TITLE = {Injectives in finitely generated universal {H}orn classes},
   JOURNAL = {J. Symbolic Logic},
  FJOURNAL = {The Journal of Symbolic Logic},
    VOLUME = {52},
      YEAR = {1987},
    NUMBER = {3},
     PAGES = {786--792},
      ISSN = {0022-4812},
   MRCLASS = {03C52 (08B30 08C05)},
  MRNUMBER = {902991},
MRREVIEWER = {S. R. Kogalovski\u\i },
       DOI = {10.2307/2274364},
       URL = {https://doi-org.colorado.idm.oclc.org/10.2307/2274364},
}

