@incollection {MR3853985,
    AUTHOR = {Kawamura, Akitoshi and Thies, Holger and Ziegler, Martin},
     TITLE = {Average-case polynomial-time computability of {H}amiltonian
              dynamics},
 BOOKTITLE = {43rd {I}nternational {S}ymposium on {M}athematical
              {F}oundations of {C}omputer {S}cience},
    SERIES = {LIPIcs. Leibniz Int. Proc. Inform.},
    VOLUME = {117},
     PAGES = {Art. No. 30, 17},
 PUBLISHER = {Schloss Dagstuhl. Leibniz-Zent. Inform., Wadern},
      YEAR = {2018},
   MRCLASS = {03D78 (37J05 37M05 68Q25)},
  MRNUMBER = {3853985},
}
		
@article {MR3845739,
    AUTHOR = {Herrmann, Christian and Ziegler, Martin},
     TITLE = {Definable relations in finite-dimensional subspace lattices
              with involution},
   JOURNAL = {Algebra Universalis},
  FJOURNAL = {Algebra Universalis},
    VOLUME = {79},
      YEAR = {2018},
    NUMBER = {3},
     PAGES = {Art. 68, 26},
      ISSN = {0002-5240},
   MRCLASS = {03C40 (03C10 06Cxx)},
  MRNUMBER = {3845739},
       DOI = {10.1007/s00012-018-0553-5},
       URL = {https://doi-org.colorado.idm.oclc.org/10.1007/s00012-018-0553-5},
}
		
@incollection {MR3775760,
    AUTHOR = {Cho, Junhee and Park, Sewon and Ziegler, Martin},
     TITLE = {Computing periods{$\ldots$}},
 BOOKTITLE = {W{ALCOM}: algorithms and computation},
    SERIES = {Lecture Notes in Comput. Sci.},
    VOLUME = {10755},
     PAGES = {132--143},
 PUBLISHER = {Springer, Cham},
      YEAR = {2018},
   MRCLASS = {14P10 (14Q20 68W20)},
  MRNUMBER = {3775760},
}
		
@article {MR3724459,
    AUTHOR = {Kawamura, Akitoshi and Steinberg, Florian and Ziegler, Martin},
     TITLE = {On the computational complexity of the {D}irichlet problem for
              {P}oisson's equation},
   JOURNAL = {Math. Structures Comput. Sci.},
  FJOURNAL = {Mathematical Structures in Computer Science. A Journal in the
              Applications of Categorical, Algebraic and Geometric Methods
              in Computer Science},
    VOLUME = {27},
      YEAR = {2017},
    NUMBER = {8},
     PAGES = {1437--1465},
      ISSN = {0960-1295},
   MRCLASS = {03D78 (03D15 35J25 68Q17)},
  MRNUMBER = {3724459},
       DOI = {10.1017/S096012951600013X},
       URL = {https://doi-org.colorado.idm.oclc.org/10.1017/S096012951600013X},
}
		
@article {MR3646657,
    AUTHOR = {Bauer, Andrej and Berger, Ulrich and Fouch\'{e}, Willem and
              Spreen, Dieter and Tsuiki, Hideki and Ziegler, Martin},
     TITLE = {Preface to the special issue: {C}ontinuity, {C}omputability,
              {C}onstructivity: {F}rom {L}ogic to {A}lgorithms 2014},
      NOTE = {Held in Ljubljana, September 2014},
   JOURNAL = {J. Log. Anal.},
  FJOURNAL = {Journal of Logic and Analysis},
    VOLUME = {9},
      YEAR = {2017},
     PAGES = {Paper No. c0, 3},
      ISSN = {1759-9008},
   MRCLASS = {03-06},
  MRNUMBER = {3646657},
}
		
@inproceedings {MR3776804,
    AUTHOR = {Kawamura, Akitoshi and Steinberg, Florian and Ziegler, Martin},
     TITLE = {Complexity theory of (functions on) compact metric spaces},
 BOOKTITLE = {Proceedings of the 31st {A}nnual {ACM}-{IEEE} {S}ymposium on
              {L}ogic in {C}omputer {S}cience ({LICS} 2016)},
     PAGES = {10},
 PUBLISHER = {ACM, New York},
      YEAR = {2016},
   MRCLASS = {03D78 (68Q25)},
  MRNUMBER = {3776804},
}
		
@article {MR3585066,
    AUTHOR = {Herrmann, Christian and Tsukamoto, Yasuyuki and Ziegler,
              Martin},
     TITLE = {On the consistency problem for modular lattices and related
              structures},
   JOURNAL = {Internat. J. Algebra Comput.},
  FJOURNAL = {International Journal of Algebra and Computation},
    VOLUME = {26},
      YEAR = {2016},
    NUMBER = {8},
     PAGES = {1573--1595},
      ISSN = {0218-1967},
   MRCLASS = {06C05 (03B25 03G15 08A50 15A75)},
  MRNUMBER = {3585066},
MRREVIEWER = {Joel Berman},
       DOI = {10.1142/S0218196716500697},
       URL = {https://doi-org.colorado.idm.oclc.org/10.1142/S0218196716500697},
}
		
@incollection {MR3535156,
    AUTHOR = {Kawamura, Akitoshi and Steinberg, Florian and Ziegler, Martin},
     TITLE = {Towards computational complexity theory on advanced function
              spaces in analysis},
 BOOKTITLE = {Pursuit of the universal},
    SERIES = {Lecture Notes in Comput. Sci.},
    VOLUME = {9709},
     PAGES = {142--152},
 PUBLISHER = {Springer, [Cham]},
      YEAR = {2016},
   MRCLASS = {03D78},
  MRNUMBER = {3535156},
MRREVIEWER = {Arno Pauly},
       DOI = {10.1007/978-3-319-40189-8_15},
       URL = {https://doi-org.colorado.idm.oclc.org/10.1007/978-3-319-40189-8_15},
}
		
@incollection {MR3517058,
    AUTHOR = {Schr\"{o}der, Matthias and Steinberg, Florian and Ziegler, Martin},
     TITLE = {Average-case bit-complexity theory of real functions},
 BOOKTITLE = {Mathematical aspects of computer and information sciences},
    SERIES = {Lecture Notes in Comput. Sci.},
    VOLUME = {9582},
     PAGES = {505--519},
 PUBLISHER = {Springer, [Cham]},
      YEAR = {2016},
   MRCLASS = {03D78 (03D15)},
  MRNUMBER = {3517058},
       DOI = {10.1007/978-3-319-32859-1_43},
       URL = {https://doi-org.colorado.idm.oclc.org/10.1007/978-3-319-32859-1_43},
}
		
@incollection {MR3517057,
    AUTHOR = {F\'{e}r\'{e}e, Hugo and Ziegler, Martin},
     TITLE = {On the computational complexity of positive linear functionals
              on {$\Cal C[0;1]$}},
 BOOKTITLE = {Mathematical aspects of computer and information sciences},
    SERIES = {Lecture Notes in Comput. Sci.},
    VOLUME = {9582},
     PAGES = {489--504},
 PUBLISHER = {Springer, [Cham]},
      YEAR = {2016},
   MRCLASS = {03D78 (68Q25)},
  MRNUMBER = {3517057},
       DOI = {10.1007/978-3-319-32859-1_42},
       URL = {https://doi-org.colorado.idm.oclc.org/10.1007/978-3-319-32859-1_42},
}
		
@article {MR3502734,
    AUTHOR = {Herrmann, Christian and Ziegler, Martin},
     TITLE = {Computational complexity of quantum satisfiability},
   JOURNAL = {J. ACM},
  FJOURNAL = {Journal of the ACM},
    VOLUME = {63},
      YEAR = {2016},
    NUMBER = {2},
     PAGES = {Art. 19, 31},
      ISSN = {0004-5411},
   MRCLASS = {03F20 (03D78 68Q12)},
  MRNUMBER = {3502734},
MRREVIEWER = {Gui Lu Long},
       DOI = {10.1145/2869073},
       URL = {https://doi-org.colorado.idm.oclc.org/10.1145/2869073},
}
		
@incollection {MR3382373,
    AUTHOR = {Sun, Shu Ming and Zhong, Ning and Ziegler, Martin},
     TITLE = {On computability of {N}avier-{S}tokes' equation},
 BOOKTITLE = {Evolving computability},
    SERIES = {Lecture Notes in Comput. Sci.},
    VOLUME = {9136},
     PAGES = {334--342},
 PUBLISHER = {Springer, Cham},
      YEAR = {2015},
   MRCLASS = {03F60 (35Q30)},
  MRNUMBER = {3382373},
MRREVIEWER = {Zvonko Iljazovi\'{c}},
       DOI = {10.1007/978-3-319-20028-6_34},
       URL = {https://doi-org.colorado.idm.oclc.org/10.1007/978-3-319-20028-6_34},
}
		
@article {MR3377508,
    AUTHOR = {Kawamura, Akitoshi and M\"{u}ller, Norbert and R\"{o}snick, Carsten
              and Ziegler, Martin},
     TITLE = {Computational benefit of smoothness: parameterized
              bit-complexity of numerical operators on analytic functions
              and {G}evrey's hierarchy},
   JOURNAL = {J. Complexity},
  FJOURNAL = {Journal of Complexity},
    VOLUME = {31},
      YEAR = {2015},
    NUMBER = {5},
     PAGES = {689--714},
      ISSN = {0885-064X},
   MRCLASS = {68Q17 (03D78 65Y20)},
  MRNUMBER = {3377508},
       DOI = {10.1016/j.jco.2015.05.001},
       URL = {https://doi-org.colorado.idm.oclc.org/10.1016/j.jco.2015.05.001},
}
		
@article {MR3197099,
    AUTHOR = {Kawamura, Akitoshi and Ota, Hiroyuki and R\"{o}snick, Carsten and
              Ziegler, Martin},
     TITLE = {Computational complexity of smooth differential equations},
   JOURNAL = {Log. Methods Comput. Sci.},
  FJOURNAL = {Logical Methods in Computer Science},
    VOLUME = {10},
      YEAR = {2014},
    NUMBER = {1},
     PAGES = {1:6, 15},
      ISSN = {1860-5974},
   MRCLASS = {68Q17 (03D78 34-04 65Y20)},
  MRNUMBER = {3197099},
       DOI = {10.2168/LMCS-10(1:6)2014},
       URL = {https://doi-org.colorado.idm.oclc.org/10.2168/LMCS-10(1:6)2014},
}
		
@inproceedings {MR3594272,
    AUTHOR = {Herrmann, Christian and Sokoli, Johanna and Ziegler, Martin},
     TITLE = {Satisfiability of cross product terms is complete for real
              nondeterministic polytime {B}lum-{S}hub-{S}male machines},
 BOOKTITLE = {Proceedings: {M}achines, {C}omputations and {U}niversality
              2013},
    SERIES = {Electron. Proc. Theor. Comput. Sci. (EPTCS)},
    VOLUME = {128},
     PAGES = {85--92},
 PUBLISHER = {EPTCS, [place of publication not identified]},
      YEAR = {2013},
   MRCLASS = {03D78},
  MRNUMBER = {3594272},
       DOI = {10.4204/EPTCS.128.16},
       URL = {https://doi-org.colorado.idm.oclc.org/10.4204/EPTCS.128.16},
}
		
@article {MR3104920,
    AUTHOR = {Pauly, Arno and Ziegler, Martin},
     TITLE = {Relative computability and uniform continuity of relations},
   JOURNAL = {J. Log. Anal.},
  FJOURNAL = {Journal of Logic and Analysis},
    VOLUME = {5},
      YEAR = {2013},
     PAGES = {Paper 7, 39},
      ISSN = {1759-9008},
   MRCLASS = {03D78 (03C80)},
  MRNUMBER = {3104920},
MRREVIEWER = {Klaus Weihrauch},
       DOI = {10.4115/jla.2013.5.7},
       URL = {https://doi-org.colorado.idm.oclc.org/10.4115/jla.2013.5.7},
}
		
@incollection {MR3101998,
    AUTHOR = {Ambos-Spies, Klaus and Brandt, Ulrike and Ziegler, Martin},
     TITLE = {Real benefit of promises and advice},
 BOOKTITLE = {The nature of computation},
    SERIES = {Lecture Notes in Comput. Sci.},
    VOLUME = {7921},
     PAGES = {1--11},
 PUBLISHER = {Springer, Heidelberg},
      YEAR = {2013},
   MRCLASS = {68Q25 (03D78)},
  MRNUMBER = {3101998},
MRREVIEWER = {Lily Chen},
       DOI = {10.1007/978-3-642-39053-1_1},
       URL = {https://doi-org.colorado.idm.oclc.org/10.1007/978-3-642-39053-1_1},
}
		
@incollection {MR3030463,
    AUTHOR = {Kawamura, Akitoshi and Ota, Hiroyuki and R\"{o}snick, Carsten and
              Ziegler, Martin},
     TITLE = {Computational complexity of smooth differential equations},
 BOOKTITLE = {Mathematical foundations of computer science 2012},
    SERIES = {Lecture Notes in Comput. Sci.},
    VOLUME = {7464},
     PAGES = {578--589},
 PUBLISHER = {Springer, Heidelberg},
      YEAR = {2012},
   MRCLASS = {68Q17 (65Y20)},
  MRNUMBER = {3030463},
       DOI = {10.1007/978-3-642-32589-2_51},
       URL = {https://doi-org.colorado.idm.oclc.org/10.1007/978-3-642-32589-2_51},
}
		
@article {MR2915702,
    AUTHOR = {Ziegler, Martin},
     TITLE = {Real computation with least discrete advice: a complexity
              theory of nonuniform computability with applications to
              effective linear algebra},
   JOURNAL = {Ann. Pure Appl. Logic},
  FJOURNAL = {Annals of Pure and Applied Logic},
    VOLUME = {163},
      YEAR = {2012},
    NUMBER = {8},
     PAGES = {1108--1139},
      ISSN = {0168-0072},
   MRCLASS = {03F60 (03D78 65Fxx)},
  MRNUMBER = {2915702},
MRREVIEWER = {Zvonko Iljazovi\'{c}},
       DOI = {10.1016/j.apal.2011.12.030},
       URL = {https://doi-org.colorado.idm.oclc.org/10.1016/j.apal.2011.12.030},
}
		
@incollection {MR2858889,
    AUTHOR = {Herrmann, Christian and Ziegler, Martin},
     TITLE = {Computational complexity of quantum satisfiability},
 BOOKTITLE = {26th {A}nnual {IEEE} {S}ymposium on {L}ogic in {C}omputer
              {S}cience---{LICS} 2011},
     PAGES = {175--184},
 PUBLISHER = {IEEE Computer Soc., Los Alamitos, CA},
      YEAR = {2011},
   MRCLASS = {68Q12 (03D78 03G12 68Q05 68Q15)},
  MRNUMBER = {2858889},
}
		
@article {MR2854268,
    AUTHOR = {G\"{a}rtner, Tobias and Ziegler, Martin},
     TITLE = {Real analytic machines and degrees: a topological view on
              algebraic limiting computation [reprint of MR2831243]},
   JOURNAL = {Log. Methods Comput. Sci.},
  FJOURNAL = {Logical Methods in Computer Science},
      YEAR = {2011},
    NUMBER = {Special issue: 7th International Conference on Computability
              and Complexity in Analysis (CCA 2010)},
     PAGES = {3:11, 20},
      ISSN = {1860-5974},
   MRCLASS = {03D78 (03D55 03F60 68Q05)},
  MRNUMBER = {2854268},
}
		
@article {MR2831243,
    AUTHOR = {G\"{a}rtner, Tobias and Ziegler, Martin},
     TITLE = {Real analytic machines and degrees: a topological view on
              algebraic limiting computation},
   JOURNAL = {Log. Methods Comput. Sci.},
  FJOURNAL = {Logical Methods in Computer Science},
    VOLUME = {7},
      YEAR = {2011},
    NUMBER = {3},
     PAGES = {3:11, 20},
      ISSN = {1860-5974},
   MRCLASS = {03D78 (03D55 03F60)},
  MRNUMBER = {2831243},
MRREVIEWER = {Klaus Meer},
       DOI = {10.2168/LMCS-7(3:11)2011},
       URL = {https://doi-org.colorado.idm.oclc.org/10.2168/LMCS-7(3:11)2011},
}
		
@article {MR2571631,
    AUTHOR = {Ziegler, Martin},
     TITLE = {Physically-relativized {C}hurch-{T}uring {H}ypotheses:
              physical foundations of computing and complexity theory of
              computational physics},
   JOURNAL = {Appl. Math. Comput.},
  FJOURNAL = {Applied Mathematics and Computation},
    VOLUME = {215},
      YEAR = {2009},
    NUMBER = {4},
     PAGES = {1431--1447},
      ISSN = {0096-3003},
   MRCLASS = {68Q05},
  MRNUMBER = {2571631},
       DOI = {10.1016/j.amc.2009.04.062},
       URL = {https://doi-org.colorado.idm.oclc.org/10.1016/j.amc.2009.04.062},
}
		
@article {MR2534405,
    AUTHOR = {Meer, Klaus and Ziegler, Martin},
     TITLE = {Real computational universality: the word problem for a class
              of groups with infinite presentation},
   JOURNAL = {Found. Comput. Math.},
  FJOURNAL = {Foundations of Computational Mathematics. The Journal of the
              Society for the Foundations of Computational Mathematics},
    VOLUME = {9},
      YEAR = {2009},
    NUMBER = {5},
     PAGES = {599--609},
      ISSN = {1615-3375},
   MRCLASS = {20F10 (03D35 03D78 68Q05 68Q17)},
  MRNUMBER = {2534405},
MRREVIEWER = {Eddy Godelle},
       DOI = {10.1007/s10208-009-9048-2},
       URL = {https://doi-org.colorado.idm.oclc.org/10.1007/s10208-009-9048-2},
}
		
@inproceedings {MR2873354,
    AUTHOR = {Ziegler, Martin and Koolen, Wouter M.},
     TITLE = {Kolmogorov complexity theory over the reals},
 BOOKTITLE = {Proceedings of the {F}ifth {I}nternational {C}onference on
              {C}omputability and {C}omplexity in {A}nalysis ({CCA} 2008)},
    SERIES = {Electron. Notes Theor. Comput. Sci.},
    VOLUME = {221},
     PAGES = {153--169},
 PUBLISHER = {Elsevier Sci. B. V., Amsterdam},
      YEAR = {2008},
   MRCLASS = {68Q30 (03D78 03F60 68Q05)},
  MRNUMBER = {2873354},
       DOI = {10.1016/j.entcs.2008.12.014},
       URL = {https://doi-org.colorado.idm.oclc.org/10.1016/j.entcs.2008.12.014},
}
		
@incollection {MR2539644,
    AUTHOR = {L\"{u}rwer-Br\"{u}ggemeier, Katharina and Ziegler, Martin},
     TITLE = {On faster integer calculations using non-arithmetic
              primitives},
 BOOKTITLE = {Unconventional computation},
    SERIES = {Lecture Notes in Comput. Sci.},
    VOLUME = {5204},
     PAGES = {111--128},
 PUBLISHER = {Springer, Berlin},
      YEAR = {2008},
   MRCLASS = {Expansion},
  MRNUMBER = {2539644},
       DOI = {10.1007/978-3-540-85194-3_11},
       URL = {https://doi-org.colorado.idm.oclc.org/10.1007/978-3-540-85194-3_11},
}
		
@article {MR2468785,
    AUTHOR = {Emamy-K, M. R. and Ziegler, M.},
     TITLE = {On the coverings of the {$d$}-cube for {$d\leq6$}},
   JOURNAL = {Discrete Appl. Math.},
  FJOURNAL = {Discrete Applied Mathematics. The Journal of Combinatorial
              Algorithms, Informatics and Computational Sciences},
    VOLUME = {156},
      YEAR = {2008},
    NUMBER = {17},
     PAGES = {3156--3165},
      ISSN = {0166-218X},
   MRCLASS = {52C17 (05B40)},
  MRNUMBER = {2468785},
       DOI = {10.1016/j.dam.2008.05.023},
       URL = {https://doi-org.colorado.idm.oclc.org/10.1016/j.dam.2008.05.023},
}
		
@article {MR2451914,
    AUTHOR = {Le Roux, St\'{e}phane and Ziegler, Martin},
     TITLE = {Singular coverings and non-uniform notions of closed set
              computability},
   JOURNAL = {MLQ Math. Log. Q.},
  FJOURNAL = {MLQ. Mathematical Logic Quarterly},
    VOLUME = {54},
      YEAR = {2008},
    NUMBER = {5},
     PAGES = {545--560},
      ISSN = {0942-5616},
   MRCLASS = {03F60 (03D80)},
  MRNUMBER = {2451914},
MRREVIEWER = {A. Ku\v{c}era},
       DOI = {10.1002/malq.200610058},
       URL = {https://doi-org.colorado.idm.oclc.org/10.1002/malq.200610058},
}
		
@inproceedings {MR2432729,
    AUTHOR = {Le Roux, St\'{e}phane and Ziegler, Martin},
     TITLE = {Singular coverings and non-uniform notions of closed set
              computability},
 BOOKTITLE = {Proceedings of the {F}ourth {I}nternational {C}onference on
              {C}omputability and {C}omplexity in {A}nalysis ({CCA} 2007)},
    SERIES = {Electron. Notes Theor. Comput. Sci.},
    VOLUME = {202},
     PAGES = {73--88},
 PUBLISHER = {Elsevier Sci. B. V., Amsterdam},
      YEAR = {2008},
   MRCLASS = {03F60 (03D80 68Q05)},
  MRNUMBER = {2432729},
       DOI = {10.1016/j.entcs.2008.03.009},
       URL = {https://doi-org.colorado.idm.oclc.org/10.1016/j.entcs.2008.03.009},
}
		
@article {MR2386927,
    AUTHOR = {Meer, Klaus and Ziegler, Martin},
     TITLE = {An explicit solution of {P}ost's problem over the reals},
   JOURNAL = {J. Complexity},
  FJOURNAL = {Journal of Complexity},
    VOLUME = {24},
      YEAR = {2008},
    NUMBER = {1},
     PAGES = {3--15},
      ISSN = {0885-064X},
   MRCLASS = {03D10 (03D28 12L05)},
  MRNUMBER = {2386927},
       DOI = {10.1016/j.jco.2006.09.004},
       URL = {https://doi-org.colorado.idm.oclc.org/10.1016/j.jco.2006.09.004},
}
		
@incollection {MR2646295,
    AUTHOR = {Ziegler, Martin},
     TITLE = {({S}hort) survey of real hypercomputation},
 BOOKTITLE = {Computation and logic in the real world},
    SERIES = {Lecture Notes in Comput. Sci.},
    VOLUME = {4497},
     PAGES = {809--824},
 PUBLISHER = {Springer, Berlin},
      YEAR = {2007},
   MRCLASS = {68Q05 (68Q10)},
  MRNUMBER = {2646295},
       DOI = {10.1007/978-3-540-73001-9_86},
       URL = {https://doi-org.colorado.idm.oclc.org/10.1007/978-3-540-73001-9_86},
}
		
@incollection {MR2539471,
    AUTHOR = {Meer, Klaus and Ziegler, Martin},
     TITLE = {Real computational universality: the word problem for a class
              of groups with infinite presentation (extended abstract)},
 BOOKTITLE = {Mathematical foundations of computer science 2007},
    SERIES = {Lecture Notes in Comput. Sci.},
    VOLUME = {4708},
     PAGES = {726--737},
 PUBLISHER = {Springer, Berlin},
      YEAR = {2007},
   MRCLASS = {68Q05 (20F10 68Q17)},
  MRNUMBER = {2539471},
       DOI = {10.1007/978-3-540-74456-6_64},
       URL = {https://doi-org.colorado.idm.oclc.org/10.1007/978-3-540-74456-6_64},
}
		
@inproceedings {MR2321788,
    AUTHOR = {Ziegler, Martin},
     TITLE = {Revising type-2 computation and degrees of discontinuity},
 BOOKTITLE = {Proceedings of the {T}hird {I}nternational {C}onference on
              {C}omputability and {C}omplexity in {A}nalysis ({CCA} 2006)},
    SERIES = {Electron. Notes Theor. Comput. Sci.},
    VOLUME = {167},
     PAGES = {255--274},
 PUBLISHER = {Elsevier Sci. B. V., Amsterdam},
      YEAR = {2007},
   MRCLASS = {03F60},
  MRNUMBER = {2321788},
       DOI = {10.1016/j.entcs.2006.08.015},
       URL = {https://doi-org.colorado.idm.oclc.org/10.1016/j.entcs.2006.08.015},
}
		
@article {MR2313405,
    AUTHOR = {Ziegler, Martin},
     TITLE = {Real hypercomputation and continuity},
   JOURNAL = {Theory Comput. Syst.},
  FJOURNAL = {Theory of Computing Systems},
    VOLUME = {41},
      YEAR = {2007},
    NUMBER = {1},
     PAGES = {177--206},
      ISSN = {1432-4350},
   MRCLASS = {03F60},
  MRNUMBER = {2313405},
MRREVIEWER = {Klaus Weihrauch},
       DOI = {10.1007/s00224-006-1343-6},
       URL = {https://doi-org.colorado.idm.oclc.org/10.1007/s00224-006-1343-6},
}
		
@article {MR2291537,
    AUTHOR = {Schindelhauer, Christian and Volbert, Klaus and Ziegler,
              Martin},
     TITLE = {Geometric spanners with applications in wireless networks},
   JOURNAL = {Comput. Geom.},
  FJOURNAL = {Computational Geometry. Theory and Applications},
    VOLUME = {36},
      YEAR = {2007},
    NUMBER = {3},
     PAGES = {197--214},
      ISSN = {0925-7721},
   MRCLASS = {68R10 (05C12 05C38 52B55 90B18 94A05)},
  MRNUMBER = {2291537},
MRREVIEWER = {Hartmut Noltemeier},
       DOI = {10.1016/j.comgeo.2006.02.001},
       URL = {https://doi-org.colorado.idm.oclc.org/10.1016/j.comgeo.2006.02.001},
}
		
@article {MR2275409,
    AUTHOR = {Ziegler, Martin},
     TITLE = {Effectively open real functions},
   JOURNAL = {J. Complexity},
  FJOURNAL = {Journal of Complexity},
    VOLUME = {22},
      YEAR = {2006},
    NUMBER = {6},
     PAGES = {827--849},
      ISSN = {0885-064X},
   MRCLASS = {03F60 (54H05)},
  MRNUMBER = {2275409},
MRREVIEWER = {Vasco Brattka},
       DOI = {10.1016/j.jco.2006.05.002},
       URL = {https://doi-org.colorado.idm.oclc.org/10.1016/j.jco.2006.05.002},
}
		
@article {MR2201089,
    AUTHOR = {Ziegler, Martin},
     TITLE = {Stability versus speed in a computable algebraic model},
   JOURNAL = {Theoret. Comput. Sci.},
  FJOURNAL = {Theoretical Computer Science},
    VOLUME = {351},
      YEAR = {2006},
    NUMBER = {1},
     PAGES = {14--26},
      ISSN = {0304-3975},
   MRCLASS = {68Q05 (03F60 68W40)},
  MRNUMBER = {2201089},
MRREVIEWER = {Klaus Weihrauch},
       DOI = {10.1016/j.tcs.2005.09.053},
       URL = {https://doi-org.colorado.idm.oclc.org/10.1016/j.tcs.2005.09.053},
}
		
@article {MR2221604,
    AUTHOR = {Ziegler, Martin},
     TITLE = {Computational power of infinite quantum parallelism},
   JOURNAL = {Internat. J. Theoret. Phys.},
  FJOURNAL = {International Journal of Theoretical Physics},
    VOLUME = {44},
      YEAR = {2005},
    NUMBER = {11},
     PAGES = {2059--2071},
      ISSN = {0020-7748},
   MRCLASS = {81P68 (68Q05 68Q10)},
  MRNUMBER = {2221604},
       DOI = {10.1007/s10773-005-8984-0},
       URL = {https://doi-org.colorado.idm.oclc.org/10.1007/s10773-005-8984-0},
}
		
@article {MR2199488,
    AUTHOR = {Ziegler, Martin and Fuchssteiner, Benno},
     TITLE = {Nonlinear reformulation of {H}eisenberg's dynamics},
   JOURNAL = {Internat. J. Theoret. Phys.},
  FJOURNAL = {International Journal of Theoretical Physics},
    VOLUME = {44},
      YEAR = {2005},
    NUMBER = {7},
     PAGES = {693--717},
      ISSN = {0020-7748},
   MRCLASS = {81S10},
  MRNUMBER = {2199488},
       DOI = {10.1007/s10773-005-7048-9},
       URL = {https://doi-org.colorado.idm.oclc.org/10.1007/s10773-005-7048-9},
}
		
@incollection {MR2194869,
    AUTHOR = {Meer, Klaus and Ziegler, Martin},
     TITLE = {An explicit solution to {P}ost's problem over the reals},
 BOOKTITLE = {Fundamentals of computation theory},
    SERIES = {Lecture Notes in Comput. Sci.},
    VOLUME = {3623},
     PAGES = {467--478},
 PUBLISHER = {Springer, Berlin},
      YEAR = {2005},
   MRCLASS = {68Q05},
  MRNUMBER = {2194869},
       DOI = {10.1007/11537311_41},
       URL = {https://doi-org.colorado.idm.oclc.org/10.1007/11537311_41},
}
		
@incollection {MR2194868,
    AUTHOR = {K\"{o}hler, Sven and Schindelhauer, Christian and Ziegler, Martin},
     TITLE = {On approximating real-world halting problems},
 BOOKTITLE = {Fundamentals of computation theory},
    SERIES = {Lecture Notes in Comput. Sci.},
    VOLUME = {3623},
     PAGES = {454--466},
 PUBLISHER = {Springer, Berlin},
      YEAR = {2005},
   MRCLASS = {03D10 (68Q05)},
  MRNUMBER = {2194868},
       DOI = {10.1007/11537311_40},
       URL = {https://doi-org.colorado.idm.oclc.org/10.1007/11537311_40},
}
		
@incollection {MR2165995,
    AUTHOR = {N\"{u}sken, Michael and Ziegler, Martin},
     TITLE = {Fast multipoint evaluation of bivariate polynomials},
 BOOKTITLE = {Algorithms---{ESA} 2004},
    SERIES = {Lecture Notes in Comput. Sci.},
    VOLUME = {3221},
     PAGES = {544--555},
 PUBLISHER = {Springer, Berlin},
      YEAR = {2004},
   MRCLASS = {68W30 (68Q25)},
  MRNUMBER = {2165995},
       DOI = {10.1007/978-3-540-30140-0_49},
       URL = {https://doi-org.colorado.idm.oclc.org/10.1007/978-3-540-30140-0_49},
}
		
@incollection {MR2158381,
    AUTHOR = {Schindelhauer, Christian and Volbert, Klaus and Ziegler,
              Martin},
     TITLE = {Spanners, weak spanners, and power spanners for wireless
              networks},
 BOOKTITLE = {Algorithms and computation},
    SERIES = {Lecture Notes in Comput. Sci.},
    VOLUME = {3341},
     PAGES = {805--821},
 PUBLISHER = {Springer, Berlin},
      YEAR = {2004},
   MRCLASS = {68R10 (05C12 68M10 68U05)},
  MRNUMBER = {2158381},
       DOI = {10.1007/978-3-540-30551-4_69},
       URL = {https://doi-org.colorado.idm.oclc.org/10.1007/978-3-540-30551-4_69},
}
		
@article {MR2094248,
    AUTHOR = {Ziegler, Martin and Brattka, Vasco},
     TITLE = {Computability in linear algebra},
   JOURNAL = {Theoret. Comput. Sci.},
  FJOURNAL = {Theoretical Computer Science},
    VOLUME = {326},
      YEAR = {2004},
    NUMBER = {1-3},
     PAGES = {187--211},
      ISSN = {0304-3975},
   MRCLASS = {03F60 (65G99 68Q05)},
  MRNUMBER = {2094248},
MRREVIEWER = {Klaus Weihrauch},
       DOI = {10.1016/j.tcs.2004.06.022},
       URL = {https://doi-org.colorado.idm.oclc.org/10.1016/j.tcs.2004.06.022},
}
		
@article {MR2090386,
    AUTHOR = {Ziegler, Martin},
     TITLE = {Computable operators on regular sets},
   JOURNAL = {MLQ Math. Log. Q.},
  FJOURNAL = {MLQ. Mathematical Logic Quarterly},
    VOLUME = {50},
      YEAR = {2004},
    NUMBER = {4-5},
     PAGES = {392--404},
      ISSN = {0942-5616},
   MRCLASS = {03F60 (51M04 54H05)},
  MRNUMBER = {2090386},
MRREVIEWER = {Rodney G. Downey},
       DOI = {10.1002/malq.200310107},
       URL = {https://doi-org.colorado.idm.oclc.org/10.1002/malq.200310107},
}
		
@incollection {MR2088250,
    AUTHOR = {Ziegler, Martin},
     TITLE = {Quasi-optimal arithmetic for quaternion polynomials},
 BOOKTITLE = {Algorithms and computation},
    SERIES = {Lecture Notes in Comput. Sci.},
    VOLUME = {2906},
     PAGES = {705--715},
 PUBLISHER = {Springer, Berlin},
      YEAR = {2003},
   MRCLASS = {16S36 (68W30)},
  MRNUMBER = {2088250},
       DOI = {10.1007/978-3-540-24587-2_72},
       URL = {https://doi-org.colorado.idm.oclc.org/10.1007/978-3-540-24587-2_72},
}
		
@incollection {MR2078591,
    AUTHOR = {Ziegler, Martin},
     TITLE = {Fast relative approximation of potential fields},
 BOOKTITLE = {Algorithms and data structures},
    SERIES = {Lecture Notes in Comput. Sci.},
    VOLUME = {2748},
     PAGES = {140--149},
 PUBLISHER = {Springer, Berlin},
      YEAR = {2003},
   MRCLASS = {68U05 (68P05 70-08)},
  MRNUMBER = {2078591},
       DOI = {10.1007/978-3-540-45078-8_13},
       URL = {https://doi-org.colorado.idm.oclc.org/10.1007/978-3-540-45078-8_13},
}
		
@article {MR1948063,
    AUTHOR = {Ziegler, Martin},
     TITLE = {Computability on regular subsets of {E}uclidean space},
      NOTE = {Dagstuhl Seminar on Computability and Complexity in Analysis,
              2001},
   JOURNAL = {MLQ Math. Log. Q.},
  FJOURNAL = {MLQ. Mathematical Logic Quarterly},
    VOLUME = {48},
      YEAR = {2002},
    NUMBER = {suppl. 1},
     PAGES = {157--181},
      ISSN = {0942-5616},
   MRCLASS = {03F60 (03D45 51M04 54H05 68Q99)},
  MRNUMBER = {1948063},
MRREVIEWER = {Klaus Weihrauch},
       DOI = {10.1002/1521-3870(200210)48:1+<157::AID-MALQ157>3.0.CO;2-4},
       URL =
              {https://doi-org.colorado.idm.oclc.org/10.1002/1521-3870(200210)48:1+<157::AID-MALQ157>3.0.CO;2-4},
}
		
@incollection {MR1893088,
    AUTHOR = {Ziegler, Martin and Brattka, Vasco},
     TITLE = {A computable spectral theorem},
 BOOKTITLE = {Computability and complexity in analysis ({S}wansea, 2000)},
    SERIES = {Lecture Notes in Comput. Sci.},
    VOLUME = {2064},
     PAGES = {378--388},
 PUBLISHER = {Springer, Berlin},
      YEAR = {2001},
   MRCLASS = {03F60 (15A18 65F15)},
  MRNUMBER = {1893088},
       DOI = {10.1007/3-540-45335-0_23},
       URL = {https://doi-org.colorado.idm.oclc.org/10.1007/3-540-45335-0_23},
}
		
@incollection {MR1888770,
    AUTHOR = {Emamy-Khansary, M. Reza and Ziegler, Martin},
     TITLE = {New bounds for hypercube slicing numbers},
 BOOKTITLE = {Discrete models: combinatorics, computation, and geometry
              ({P}aris, 2001)},
    SERIES = {Discrete Math. Theor. Comput. Sci. Proc., AA},
     PAGES = {155--163},
 PUBLISHER = {Maison Inform. Math. Discr\`et. (MIMD), Paris},
      YEAR = {2001},
   MRCLASS = {05A20 (90C27)},
  MRNUMBER = {1888770},
}
		
@incollection {MR1859969,
    AUTHOR = {Czumaj, Artur and Sohler, Christian and Ziegler, Martin},
     TITLE = {Property testing in computational geometry (extended
              abstract)},
 BOOKTITLE = {Algorithms---{ESA} 2000 ({S}aarbr\"{u}cken)},
    SERIES = {Lecture Notes in Comput. Sci.},
    VOLUME = {1879},
     PAGES = {155--166},
 PUBLISHER = {Springer, Berlin},
      YEAR = {2000},
   MRCLASS = {68U05},
  MRNUMBER = {1859969},
       DOI = {10.1007/3-540-45253-2_15},
       URL = {https://doi-org.colorado.idm.oclc.org/10.1007/3-540-45253-2_15},
}
		
@incollection {MR1683356,
    AUTHOR = {Fischer, Matthias and Lukovszki, Tam\'{a}s and Ziegler, Martin},
     TITLE = {Geometric searching in walkthrough animations with weak
              spanners in real time},
 BOOKTITLE = {Algorithms---{ESA} '98 ({V}enice)},
    SERIES = {Lecture Notes in Comput. Sci.},
    VOLUME = {1461},
     PAGES = {163--174},
 PUBLISHER = {Springer, Berlin},
      YEAR = {1998},
   MRCLASS = {68U05 (68P05 68Q20)},
  MRNUMBER = {1683356},
       DOI = {10.1007/3-540-68530-8_14},
       URL = {https://doi-org.colorado.idm.oclc.org/10.1007/3-540-68530-8_14},
}

